2299 2921
135 142 178 176 13

916 134 939 165 1.
984 129 1194 163 ANNALES
1219 127 1364 160 vlTAE.
2106 127 2148 159 14

135 238 215 268 Nov.
251 237 300 266 25.
321 235 452 274 Nuptiae
474 233 683 263 Melanthonis.
708 248 749 254 —
768 231 916 260 Lutherus
936 230 974 258 ad
997 227 1178 266 Spalatinnm
1203 227 1229 254 d.
1256 226 1305 255 29.
1326 223 1403 253 Nov.
1429 224 1455 252 h.
1480 232 1522 251 a.:
1571 223 1730 260 „Parentes
1751 223 1806 251 mei
1836 231 1901 251 cum
1925 223 2074 252 sororibus
2094 232 2147 252 nu·

142 837 216 866 Dec.

360 280 437 316 ptias
459 278 641 306 honorarunt
662 275 810 313 Philippi,
829 274 894 302 aliis
916 271 1128 301 honestissimis
1150 270 1220 298 viris
1244 268 1389 297 adiunctis
1411 267 1471 295 imo
1501 272 1528 294 et
1551 266 1785 295 ei·uditissimis.“
1811 283 1853 288 —
1874 266 2064 295 Auditoribus
2088 267 2148 295 suia

362 321 516 359 Philippus
539 319 657 357 nuptias
681 319 725 347 his
749 318 881 346 versibus
904 315 1105 344 annunciavit:

758 369 782 392 A
801 369 894 392 studiis
912 367 991 391 hodie
1010 366 1072 390 facit
1090 366 1145 388 otia
1163 369 1237 395 grata
1255 363 1400 395 Philippus,

757 403 813 427 Nee
832 403 906 427 vobis
925 402 998 426 Pauli
1018 401 1142 430 dogmata
1160 406 1236 423 sacra
1254 399 1331 429 leget.

361 449 409 478 De
428 448 597 483 Camarina,
620 447 745 483 coniuge
768 445 974 479 Melanthonis,
997 443 1182 473 Camerarius
1200 443 1230 471 in
1255 442 1313 470 vita
1334 440 1403 469 Mel.
1427 451 1455 478 p.
1481 440 1519 468 38
1546 440 1632 467 haec:
1665 456 1728 474 „—
1755 448 1819 466 cum
1844 448 1878 466 ea
1902 438 1977 466 vixit
1998 439 2029 466 in
2051 438 2149 466 matri-

366 492 467 521 monio
492 491 656 520 castissimo
678 499 771 517 annos
794 487 957 522 XXXVII,
982 493 1010 515 et
1031 487 1180 523 utriusque
1203 494 1292 514 sexus
1311 484 1418 512 liberos
1441 483 1570 520 suscepit
1592 486 1759 519 quaternos,
1780 482 1856 510 filios
1883 482 1957 509 duos
1980 486 2006 508 et
2031 481 2151 509 totidem

363 535 448 564 filias.
504 534 599 562 Desiit
624 537 718 561 autem
745 542 846 569 parere
876 532 926 560 illa
951 540 1027 558 anno
1057 529 1184 567 coniugii
1204 528 1386 557 duodecimo.
1443 525 1509 554 Fuit
1537 526 1664 554 foemina
1693 525 1764 553 haee
1793 524 2013 562 religiosissima
2035 528 2062 551 et
2096 523 2151 552 viri

365 577 579 612 amantissima,
612 575 830 604 materfamilias
853 575 971 603 assidua
993 579 1078 610 atque
1107 573 1231 609 diligens
1254 571 1400 608 inprimis,
1430 569 1559 597 liberalis
1586 573 1613 596 et
1637 568 1766 596 benefica
1789 568 1818 596 in
1845 576 1962 601 omnes,
1988 576 2148 605 pauperum

364 623 404 650 ita
428 620 573 653 studiosa,
609 623 640 647 ut
663 627 690 647 et
709 619 805 647 dando
829 619 891 646 sine
911 617 1086 651 discrimino,
1111 622 1137 644 et
1161 615 1345 653 deprecando
1369 623 1422 650 pro
1445 613 1513 647 illis,
1537 617 1565 640 et
1587 611 1772 640 conciliando
1796 612 1900 648 quibus
1919 610 2029 647 aliquid
2052 614 2151 647 posset

367 664 522 698 commodi,
554 672 612 691 non
633 663 719 690 modo
743 671 859 689 suarum
883 670 978 688 rerum
1001 660 1229 696 facultatumque
1253 658 1348 686 minus
1369 656 1513 684 rationein
1536 655 1658 690 habere,
1692 655 1743 683 sed
1765 654 2000 692 interpellatione
2023 656 2051 681 et
2074 662 2152 682 com-

366 707 525 745 pellatione
552 715 604 743 pro
635 705 680 733 his
708 705 745 733 ad
771 704 844 733 alios
868 705 908 732 uti
928 703 1035 732 soleret
1058 711 1265 738 nonnunquam
1284 701 1497 737 intempestiva.
1543 698 1662 727 Summa
1685 699 1760 726 vitae
1784 707 1954 735 morumque
1976 697 2152 734 integritate,

365 752 454 788 inque
476 753 617 787 perpetua
639 758 708 777 cura
724 748 881 785 religiosae
904 747 1022 784 pietatis
1041 745 1261 781 honestatisque
1282 750 1310 771 et
1328 744 1420 771 victus
1443 747 1471 770 et
1492 742 1586 770 cultus
1608 741 1768 779 negligens.
1808 740 1911 778 Neque
1929 741 1986 769 hoc
1998 740 2152 778 Philippus

366 793 434 823 Mel.
457 792 667 827 offendebatur,
690 792 739 828 qui
762 791 850 818 nullis
873 790 1040 818 deliciarum
1064 788 1211 816 blanditiis
1235 792 1396 825 caperetur,
1421 789 1448 813 et
1472 785 1654 823 voluptatum
1678 794 1778 813 omnes
1799 784 1951 813 illecebras
1974 783 2115 821 fugeret.“

337 836 513 864 Prodierunt
532 835 560 863 N
565 835 636 863 ubes
659 835 877 872 Aristophanis,
897 833 1023 861 Nicolao
1042 830 1211 859 Amsdorfio
1234 830 1399 867 inscriptae.
1444 827 1645 857 Grammatica
1668 837 1775 865 graeca
1793 829 1887 856 denuo
1908 828 2011 855 editur.

334 879 461 907 Nomine
484 878 628 908 Lottheri„
653 877 840 916 typographi,
864 876 1011 914 praefatur
1034 876 1063 902 in
1088 874 1203 902 Erasmi
1224 873 1491 910 interpretationem
1516 871 1655 908 epistolae.
1679 871 1764 899 Pauli
1784 872 1819 899 ad
1841 871 1999 899 Romanos.

988 1000 1144 1033 ANNO
1182 999 1307 1030 1521.

143 1094 229 1123 Febr.
266 1094 314 1122 20.
338 1093 481 1121 Hortatur
500 1091 542 1120 10.
563 1091 690 1119 Hessum
712 1092 747 1118 ad
771 1089 963 1118 constantiam
985 1089 1013 1116 in
1039 1088 1204 1126 profitenda
1228 1096 1295 1113 vera
1317 1086 1458 1114 doctriua.
1508 1086 1588 1113 l'auli
1610 1085 1703 1122 Epist.
1728 1085 1765 1112 ad
1784 1084 1933 1112 Romam„
1953 1084 2047 1112 adhuc
2069 1094 2152 1112 enar·

142 1308 228 1336 Mart.
284 1307 310 1335 Ξ.

369 1141 421 1173 rat,
445 1141 471 1162 et
497 1139 599 1162 tractat
624 1144 687 1170 cap.
710 1133 749 1161 X.

335 1177 469 1206 Exeunte
488 1177 649 1205 Februario
678 1176 831 1204 excuditur
850 1174 1049 1202 Melanthonis
1073 1174 1160 1201 liber:
1207 1173 1359 1210 Didymi
1383 1171 1585 1199 Faventiui
1613 1171 1751 1198 adversus
1780 1170 1923 1198 Thomam
1957 1170 2153 1198 Placentinum

368 1230 420 1258 pro
441 1220 571 1248 Luthero
595 1219 697 1248 oratio.

334 1264 469 1291 Exeunte
492 1263 577 1290 Febr.
602 1263 648 1291 Io.
670 1261 820 1298 Bugenli
831 1261 939 1298 agius
960 1260 1148 1294 Pomeranus,
1173 1259 1250 1294 exul,
1270 1259 1346 1286 venit
1371 1258 1567 1295 Vitcbcrgaui.

335 1306 504 1344 Lipsienses
525 1305 656 1333 Luthero
680 1306 798 1341 eiusque
825 1304 865 1331 rei
884 1308 951 1331 sunt
973 1303 1079 1331 infesti.
1105 1320 1143 1323 m
1176 1300 1280 1330 Scribit
1302 1300 1466 1338 Spalatino,
1486 1310 1516 1328 se
1535 1301 1564 1328 in
1584 1300 1612 1328 id
1636 1300 1671 1327 ab
1696 1301 1779 1328 annis
1803 1301 1859 1328 iam
1881 1300 1991 1336 aliquot
2013 1300 2154 1327 intentum

369 1358 443 1385 esse,
466 1354 497 1376 ut
520 1348 782 1376 ecclesiasticarum
805 1356 902 1374 rerum
921 1347 1073 1375 historiam
1098 1346 1224 1383 undique
1244 1345 1398 1381 diligenter
1418 1344 1578 1380 conquirat.

265 1392 313 1421 21.
337 1392 531 1429 Aurogallum
553 1391 706 1429 Spalatino
726 1391 918 1425 commendat,
941 1394 972 1418 ut
992 1390 1116 1427 eligatur
1140 1389 1241 1417 doctor
1260 1388 1375 1425 linguae
1398 1387 1553 1415 hebraicae
1577 1387 1603 1414 in
1629 1387 1797 1415 Academia.

262 1437 311 1465 30.
337 1435 403 1464 Rex
426 1434 540 1463 Daniae
563 1435 641 1463 favet
659 1433 798 1463 Luthero.

144 1480 238 1517 April.
280 1479 308 1507 2.
332 1477 479 1506 Luthcrus
499 1478 694 1515 proficiscitur
714 1477 905 1505 Wormatium
929 1477 964 1504 ad
988 1475 1124 1504 Comitia.

262 1608 308 1636 16.

144 1823 207 1851 lun.
283 1824 311 1851 6.

147 2080 201 2109 lul.
285 2082 312 2108 o'.

263 2167 310 2195 18.

148 2253 226 2290 Aug.
267 2253 304 2281 18

151 2465 232 2505 Sept.
288 2467 305 2496 9

268 2598 306 2625 30

333 1520 408 1549 Post
425 1520 541 1549 Pascha
563 1522 745 1549 excuduntur
770 1519 968 1547 Melanthonis
991 1519 1047 1547 loci
1070 1518 1198 1555 theolog.

335 1564 440 1592 Prodit
462 1563 534 1592 liber
553 1564 620 1592 Mel.
645 1565 784 1592 adversus
806 1562 950 1591 Thomam
974 1562 1143 1590 Rhadinum
1167 1570 1189 1589 s.
1214 1561 1425 1589 Placentinum.

332 1606 477 1635 Lutherus
498 1608 553 1634 iter
571 1607 733 1644 ingreditur
754 1606 946 1634 Wormatiam
969 1605 1054 1633 simul
1078 1615 1142 1633 cum
1166 1604 1247 1639 Iona,
1271 1604 1448 1632 Amsdorfio.
1474 1604 1560 1630 Petro
1580 1602 1736 1636 Suavenio,
1757 1601 1939 1639 Hieronymo
1958 1600 2104 1636 Schurfio,
2129 1605 2157 1629 et

370 1659 436 1678 cum
459 1649 577 1678 Euricio
596 1649 704 1685 Cordo,
728 1650 847 1677 doctore
870 1648 1062 1677 Erfordiensi.

300 1716 307 1722 .
331 1693 477 1722 Lutherus
496 1693 659 1722 wormatia
678 1693 733 1721 iter
754 1693 915 1729 ingreditur
938 1692 1083 1720 rediturus
1105 1692 1134 1720 in
1158 1691 1290 1728 patriam.

143 1737 213 1766 Mai.
282 1738 310 1765 4.

333 1736 480 1764 Lutherus
503 1737 654 1764 abducitur
676 1737 706 1764 iu
729 1745 824 1764 arcem
849 1735 1017 1771 WVartburg.

334 1781 433 1808 Mense
456 1779 536 1808 Maio
560 1780 729 1807 Melanthon
750 1779 832 1816 epist.
858 1779 942 1806 l’auli
965 1779 1090 1815 priorem
1113 1778 1149 1805 ad
1173 1776 1343 1805 Corinthios
1365 1776 1452 1803 edidit
1473 1784 1576 1812 graeco
1602 1776 1629 1802 iu
1656 1784 1737 1802 usum
1761 1774 2008 1802 scholasticorum.

336 1823 434 1851 Iustus
457 1822 545 1851 Ionas
564 1824 597 1850 fit
620 1823 807 1859 Praepositus
830 1822 1012 1858 Vitebcrgae.

305 1888 311 1894 .
336 1866 507 1894 Melanthon
530 1866 630 1894 Ionam
654 1864 806 1903 Spalatino
826 1865 924 1893 multis
945 1865 1136 1892 commendat.
1182 1863 1227 1891 De
1252 1863 1353 1891 eodem
1378 1862 1477 1889 scribit
1499 1862 1534 1889 ad
1560 1860 1602 1889 10.
1627 1860 1770 1897 Langum.

308 1930 313 1936 .
338 1908 432 1937 Valde
451 1908 530 1937 dolet
551 1910 711 1937 absentiam
731 1908 861 1936 Lutheri.

306 1972 312 1979 .
337 1951 493 1979 Decretum
516 1952 681 1980 Parisicnsc
701 1952 841 1980 adversus
863 1951 1025 1979 Luthorum
1051 1950 1225 1988 Vitvbergac
1255 1949 1432 1986 procuditur.
1479 1947 1633 1985 Spalatino
1661 1946 1757 1974 scribit
1786 1947 1821 1973 de
1854 1945 1955 1974 s1udiis
1980 1946 2157 1974 Academiae

373 1995 570 2023 emendandis.

338 2036 405 2065 Hoc
427 2047 526 2066 mense
550 2038 647 2075 prodit
665 2037 732 2066 Mel.
757 2037 893 2074 apologia
916 2047 968 2074 pro
991 2037 1120 2065 Luthero
1140 2038 1280 2065 adversus
1303 2036 1505 2072 theologorum
1530 2034 1729 2061 Parisinorum
1751 2033 1906 2060 decretum.

337 2080 429 2108 Mittit
451 2081 487 2108 ad
511 2079 693 2118 Spalatinum
715 2080 804 2108 libros
828 2081 864 2108 ad
887 2079 1047 2108 Lutherum
1073 2080 1242 2117 Wartburgi
1270 2079 1418 2107 sedentem
1443 2077 1696 2111 transmittendos,
1724 2081 1750 2103 et
1779 2075 1861 2103 valde
1891 2074 2032 2102 sollicitus
2056 2080 2099 2103 est
2122 2076 2157 2103 de

369 2123 493 2151 Luthcri
512 2124 685 2151 vali-tudine.

335 2166 494 2195 Inter-cedit
516 2167 600 2195 simul
623 2176 687 2195 eum
706 2165 910 2194 Carolostadio
934 2172 961 2193 et
984 2167 1025 2194 Io.
1051 2166 1190 2203 Agricola
1209 2175 1261 2203 pro
1286 2165 1392 2193 Iacobo
1415 2163 1558 2202 Seydlero
1580 2163 1656 2200 apud
1680 2162 1859 2199 Episcopum
1884 2161 2081 2189 Misniensem.

339 2210 405 2238 Hoc
428 2219 527 2238 mense
546 2210 647 2238 scribit
664 2209 828 2247 apologiam
852 2219 905 2245 pro
930 2208 1135 2237 Bartolomaeo
1159 2208 1340 2236 Bernhardio
1364 2207 1561 2241 Fvldkirchio⁷
1587 2207 1635 2241 qui
1659 2205 1796 2233 sacerdos
1817 2213 1937 2232 uxorem
1961 2204 2092 2231 duxerat.

308 2274 314 2280 .
338 2253 532 2290 Exspectatur
550 2254 660 2282 reditus
678 2252 799 2280 Lutheri
819 2253 947 2289 quotidie
968 2263 986 2280 a
1006 2252 1273 2289 Vitebergensibus.

338 2297 441 2324 Mense
464 2298 540 2334 Aug.
566 2298 621 2324 iam
642 2304 760 2333 sparsus
783 2300 843 2323 erat
865 2305 978 2325 rumor.
1008 2295 1198 2322 Erasmum
1222 2294 1331 2331 aliquid
1351 2295 1525 2332 scripturum
1545 2301 1608 2320 esse
1632 2292 1769 2319 adversus
1787 2290 1955 2317 Lutherum.
1981 2307 2019 2310 -γ
2044 2289 2158 2318 Ioachi—

371 2348 435 2367 mus
459 2337 713 2373 Camerarius,
745 2339 794 2375 qui
819 2348 855 2366 tx
879 2338 1028 2366 academia
1050 2337 1230 2365 Erfordiensi
1254 2342 1373 2374 propter
1395 2341 1504 2374 pestem
1528 2335 1653 2367 abierat,
1685 2334 1739 2361 iter
1757 2334 1825 2361 tacit
1850 2332 2038 2370 Vitebergam
2061 2333 2097 2360 ad
2117 2333 2158 2360 vi-

375 2383 494 2410 sendam
516 2383 718 2410 Academiam.
743 2399 782 2403 —
802 2381 972 2410 Melanthon
998 2381 1126 2418 l’rincipi
1145 2380 1273 2408 Elector-i
1297 2381 1394 2408 scribit
1419 2388 1606 2417 responsum,
1632 2377 1758 2404 (laudum
1783 2376 1988 2404 Franciscanis
2007 2375 2158 2403 Vinarien-

374 2425 463 2460 sibus⁷
487 2426 536 2463 qui
556 2426 720 2463 Principem
744 2425 884 2453 adversus
903 2424 1063 2452 Lutherum
1087 2424 1214 2452 excitare
1234 2424 1330 2451 conari
1351 2430 1439 2451 erant.

310 2492 316 2498 .
339 2466 483 2496 Lutherus
504 2469 540 2497 ad
553 2467 751 2507 Spalatinum:
783 2468 895 2504 „Valde
915 2467 1029 2502 vellem,
1054 2472 1083 2495 ut
1095 2467 1250 2504 Philippus
1269 2471 1296 2494 et
1315 2466 1402 2504 vulgo
1424 2465 1646 2493 concionaretur
1662 2462 1768 2490 alicubi
1790 2463 1820 2490 iu
1838 2463 1946 2499 oppido
1964 2461 2066 2490 diebus
2077 2461 2157 2490 festis

358 2516 439 2548 -post
458 2512 609 2549 prandium
634 2512 699 2540 loco
723 2511 970 2549 compotationum
995 2516 1021 2538 et
1042 2511 1189 2545 ludorum,
1220 2514 1248 2538 ut
1274 2510 1354 2537 fieret
1379 2508 1557 2537 consuetudo
1589 2506 1727 2534 libertatis
1747 2505 1975 2533 introducendae
2000 2510 2027 2532 et
2049 2505 2078 2532 in
2100 2504 2158 2542 pri-

374 2564 440 2582 scae
459 2555 608 2582 Ecclesiae
631 2555 733 2583 faciem
753 2560 782 2582 ct
804 2564 911 2582 morem
935 2554 1140 2582 restituendae.

311 2621 315 2626 .
339 2596 486 2626 Lutherus
505 2602 688 2635 exspectatur
712 2602 740 2625 et
758 2597 938 2626 desideratur
957 2597 1139 2634 Vitebergae.
