2299 2921
120 140 184 171 353
618 137 671 170 111.
717 135 946 168 REPETITIO
970 134 1287 168 CONFESSIONIS
1309 135 1623 169 AUGUSTANAE.
2064 138 2131 172 354

689 233 1557 342 CONFESSIO

690 375 1019 418 DOCTRINAE
1242 376 1563 420 SAXONJGA-

690 476 779 502 rum
811 461 1076 503 Ecclesiarmn
1108 462 1274 516 Synodo
1306 464 1565 505 Tridentinae

689 547 835 597 oblata,
862 547 985 587 Anno
1010 547 1173 588 Domini
1202 548 1392 588 M.D.LI.
1423 549 1463 589 in
1487 563 1567 603 qua

677 627 915 673 ‘Christiane
941 633 1066 673 lector
1087 633 1254 684 uidebis,
1279 634 1443 687 quinam
1463 633 1485 674 ὲ
1509 633 1568 675 Ca

719 718 891 758 tholicae
907 718 1109 758 Ecclesiae
1134 719 1288 771 gremio
1312 719 1538 759 resilierint:

752 800 791 843 &
805 818 877 858 per
898 818 999 856 quos
1016 810 1106 853 stet,
1130 818 1211 856 quo
1236 804 1366 843 minus
1390 803 1507 844 Eecle

842 888 923 929 siae
963 888 1029 942 pia
1075 888 1289 928 eoncordia
1331 903 1413 929 sar-

1061 973 1196 1012 ciatur.

944 1243 1097 1284 PSAL.
1161 1243 1315 1285 CXIX.

572 1329 786 1382 Loquebar
843 1329 894 1368 de
950 1330 1189 1384 testimonijs
1241 1331 1318 1370 tuis
1372 1332 1412 1370 in
1474 1338 1692 1386 conspectu

748 1413 925 1468 Regum,
989 1411 1028 1453 δε
1086 1429 1167 1454 non
1229 1414 1514 1456 confundebar.

741 1592 864 1632 Anno
957 1592 1120 1632 Domini
1220 1594 1274 1633 M.
1323 1594 1371 1633 D.
1419 1594 1523 1637 LIII.

131 1854 170 1883 48
190 1852 276 1887 folia,
296 1862 375 1892 quae
393 1853 469 1882 hanc
493 1851 582 1882 Cous.
605 1852 857 1891 complectuntur,
878 1857 907 1882 et
930 1854 1062 1882 numeris
1082 1857 1112 1882 et
1135 1854 1380 1892 inscriptionibus
1400 1856 1608 1894 superioribus
1627 1859 1737 1885 carent.
1775 1855 1898 1886 Praeter
1916 1858 2048 1896 capitum
2071 1859 2140 1888 titu-

129 1895 178 1925 los
202 1899 233 1925 et
251 1897 370 1924 nomina
389 1905 507 1930 eorum,
531 1896 582 1935 qui
601 1895 670 1925 huic
693 1893 782 1926 Cous.
805 1896 1066 1934 subscripserunt,
1092 1897 1256 1926 minoribus
1284 1898 1365 1936 typis
1395 1907 1558 1937 expressa,
1588 1898 1664 1928 haec
1693 1898 1748 1929 Ed.
1777 1900 1859 1938 typis
1890 1900 2045 1939 descripta
2078 1905 2138 1936 est,

131 1939 181 1976 qui
204 1938 306 1967 media
329 1939 467 1977 Antiqua
489 1940 684 1968 nominantur.
710 1957 749 1961 -
770 1938 875 1978 lucipit
897 1939 949 1969 sol.
972 1940 1002 1968 A
1024 1940 1055 1969 1¹>
1078 1939 1115 1968 ab
1142 1939 1199 1968 hac
1225 1940 1434 1977 inscriptione:
1466 1940 1630 1979 Confessio
1659 1941 1832 1971 Doctrinae
1854 1942 1899 1971 Sa
1925 1944 1929 1983 l
1956 1944 2140 1973 zonicarvm

131 1980 356 2016 Ecclesiarvm,
384 1981 514 2020 Synodo
535 1982 538 2021 Ι
564 1980 761 2010 Tridentinae
790 1982 910 2017 oblata,
941 1982 1031 2011 Anno
1055 1981 1183 2011 Domini
1208 1982 1212 2022 l
1238 1982 1276 2011 M
1284 1982 1317 2011 D
1330 1982 1385 2013 LI.
1432 1983 1516 2014 Hanc
1541 1985 1770 2023 subsequuntur
1794 1986 1915 2015 nomina
1939 1996 2060 2022 eorum,
2087 1987 2139 2026 qui

131 2023 202 2053 huic
220 2022 417 2054 Confessioni
437 2024 699 2063 subscripserunt,
724 2026 892 2063 praemissa
913 2024 1119 2054 Melanthonis
1138 2027 1389 2064 praemonitione3
1410 2026 1460 2057 sol.
1479 2027 1507 2056 A
1528 2028 1560 2056 2¹²
1584 2026 1673 2057 Conf-
1698 2029 1766 2067 ipsa
1790 2028 1903 2058 orditur
1930 2032 1961 2058 et
1981 2028 2033 2059 fol.
2053 2028 2086 2059 Μ
2106 2032 2140 2059 4⁸

132 2066 240 2101 finitur,
264 2066 317 2097 ult.
342 2077 408 2106 pag.
433 2071 528 2101 vacat.
574 2066 720 2106 Singulae
742 2077 830 2106 pagg.
853 2068 915 2097 sere
935 2070 974 2098 30
993 2068 1090 2097 lineas
1109 2069 1271 2098 continent.

284 2143 445 2173 Extremae
466 2143 530 2185 7¹J2
554 2143 696 2182 plagulae
720 2143 810 2174 huius
834 2144 901 2174 libri
925 2146 1078 2174 continent
1098 2144 1332 2184 Confessionem
1360 2145 1653 2186 Wirlemberyicam,
1673 2147 1712 2177 de
1735 2157 1793 2188 qua
1812 2157 1905 2187 supra
1923 2148 2137 2182 disseruimus,

286 2219 417 2250 Tertiam
441 2225 471 2250 et
494 2224 628 2259 quartam
652 2221 755 2250 harum
778 2220 889 2257 Editt.‚
914 2231 993 2260 quae
1012 2220 1203 2252 Fenerlinum
1227 2222 1379 2261 fugerunt,
1403 2222 1622 2254 Bertramus
1642 2224 1662 2253 l.
1682 2223 1702 2253 l.
1722 2234 1750 2263 p.
1773 2226 1843 2255 561.
1863 2229 2016 2257 memorat.

718 2418 747 2447 4.
793 2415 843 2445 De
866 2416 963 2446 tribas
985 2416 1186 2447 Editiom'bus
1215 2417 1545 2459 Wittemberyensibus.

289 2525 320 2555 In
345 2526 393 2556 his
417 2525 509 2562 Editt.
529 2526 692 2558 Confessio
713 2527 861 2557 saxonica
874 2538 941 2557 cum
961 2527 1163 2558 Confessione
1183 2530 1364 2569 Augustiana
1383 2532 1511 2570 eiusque
1523 2530 1674 2570 Apologia
1693 2532 1852 2562 coniuncta
1870 2535 1921 2562 est
1938 2533 2030 2572 (conf.
2044 2533 2135 2564 huius

136 2567 226 2608 Corp.
246 2568 317 2599 Vol.
337 2570 452 2599 XXVI.
470 2580 498 2609 p.
523 2573 583 2601 349
605 2574 684 2610 sq.),
705 2575 884 2611 quapropter
902 2571 989 2600 hicce
1008 2571 1112 2602 titulus
1136 2573 1287 2611 generalis
1310 2575 1423 2613 primae
1447 2583 1548 2604 earum
1571 2574 1721 2613 praefixus
1741 2579 1806 2604 est:

339 2637 486 2660 namma.
500 2638 583 2658 orum.
597 2638 660 2659 von.
671 2639 773 2658 xxvru.
1897 2636 1930 2661 23
