2299 2921
128 116 193 150 385
630 113 685 148 ΠΙ.

128 211 197 241 irae
220 218 301 240 suae
323 217 425 240 sensu
449 207 550 238 corda
574 207 744 248 opprimit,
762 207 791 245 9)
826 213 861 238 vt
894 207 996 249 inquit
1021 205 1105 239 Eze-

130 252 232 284 chias.
247 254 297 289 ¹⁰)
342 251 435 286 Sicut
456 249 510 281 leo
535 250 689 282 contriuit
713 250 820 287 onmia
844 260 924 281 ossa
946 259 1029 280 mea.
1065 249 1105 280 Et

127 296 171 327 ad
193 294 259 326 hoc
282 293 434 325 iudicium
457 303 523 323 non
547 291 655 323 solum
667 301 752 324 voce
771 292 941 332 minister-ij
964 291 1050 334 legis
1072 297 1105 323 et

126 336 300 378 Euangelij
325 336 436 373 vtitur,
473 335 539 366 Sed
563 335 658 365 etiam
681 344 796 366 omnes
816 334 1020 366 calamitates
1046 334 1105 366 hu-

127 389 245 411 manae
259 382 267 399 1
281 382 308 416 ¹)
332 383 408 410 sunt
431 378 525 419 quasi
549 387 615 409 uox
637 375 733 419 legis,
757 378 798 408 de
820 378 870 408 ira
886 376 949 409 Dei
966 387 1028 408 nos
1048 378 1104 409 ad·
1128 396 1133 443 Ι

127 430 266 454 monens
291 427 322 452 et
345 430 458 452 omnes
483 421 524 451 ad
546 420 780 461 poenitentiam
803 420 958 451 inuitans.

215 464 286 503 [fol.
310 464 384 503 24³]
430 462 511 494 Cum
534 469 643 494 autem
663 462 726 494 hac
744 473 829 494 voce
850 469 1011 504 arguente
1028 473 1104 503 pec·
1127 447 1133 520 ξ

731 112 959 145 REPETITIO
983 110 1302 144 CONFESSEONIS
1325 111 1640 145 AUGUSTANAE.

2074 114 2140 147 386

1157 206 1252 238 citur.
1298 205 1473 238 [ustificari
1503 206 1668 248 significat
1698 214 1739 236 ex
1761 205 1882 238 iniusto
1905 206 2025 238 iustum
2047 206 2132 247 fieri,

1156 249 1245 290 quod
1267 255 1358 280 recte
1382 247 1583 280 intellectum
1606 249 1768 290 congruit.
1784 250 1833 286 17)
1869 248 1920 280 Ex
1942 249 2076 288 iniusto,
2100 251 2134 282 id

1156 296 1208 323 est
1226 301 1283 322 reo
1302 297 1334 322 et
1357 292 1570 324 inobediente
1594 297 1625 322 et
1647 301 1713 322 non
1732 290 1875 322 habente
1888 291 2066 329 Christum,
2082 294 2133 331 ΗΒ)

1155 333 1227 365 fieri
1249 335 1381 373 iustum,
1404 335 1438 365 id
1460 340 1512 366 est
1525 333 1712 366 absolutum
1725 339 1862 371 areatu,
1885 340 2020 376 propter
2030 333 2133 367 filium

1156 377 1225 415 dei,
1266 382 1298 408 et
1312 379 1361 414 19)
1394 377 1695 418 apprehendentem
1730 376 1795 408 fide
1811 379 1863 414 ²⁰)
1898 378 2005 419 ipsum
2039 377 2134 410 Chri-

1156 425 1253 457 stum,
1282 421 1334 458 21)
1347 420 1402 462 qui
1424 425 1475 451 est
1488 419 1621 457 iusticia
1637 425 1764 458 nostra,
1787 424 1822 451 vt
1844 419 1956 451 dicunt
1976 420 2132 452 Ieremias

1156 469 1188 493 et
1214 461 1356 500 Paulus,
1391 464 1467 504 quia
1490 464 1560 494 eius
1583 463 1697 494 merito
1721 463 1880 494 habemus
1903 463 2133 495 remissionem

129 509 264 545 catast)
288 516 379 538 mens
404 505 640 547 perterrefacta
668 512 738 543 est,
773 505 884 537 audiat
915 506 1104 545 promissio·
1128 528 1132 549 4
1156 510 1189 536 et
1211 506 1294 536 deus
1317 506 1480 537 iusticiam
1503 505 1597 536 nobis
1621 506 1757 546 imputat
1781 510 1812 536 et
1832 511 1969 547 propter
1983 515 2057 537 eum
2070 515 2133 537 nos

128 560 201 582 nem
216 548 389 591 Euangelij
415 549 580 590 propriam
605 548 645 579 de
669 546 735 578 filio
759 548 821 582 dei,
846 553 879 579 et.
901 553 1022 579 statuat
1043 548 1104 579 sibi

128 592 248 624 remitti
271 598 408 633 peccata
432 592 536 634 gratis
565 595 701 631 propter
731 589 832 621 filium
863 591 915 622 dei
939 591 1104 622 dominum

128 641 279 666 nostrum
301 636 409 667 lesum
432 633 597 665 Christum
621 633 873 674 propiciatorem
896 643 956 674 per
978 633 1103 664 miseri-

129 678 276 710 cordiam
298 687 364 708 non
388 682 523 718 propter
552 676 781 707 contritionem
809 681 864 706 aut
895 675 1103 708 dilectionem

128 726 286 752 nostram.
322 720 392 751 Hac
415 719 479 750 fide
503 729 575 750 cum
595 719 742 760 erigitur,
767 724 891 750 certum
914 724 965 750 est
987 719 1103 751 donari

128 763 355 794 remissionem
388 767 618 803 peccatorum,
654 760 956 795 reconciliationem
985 767 1018 792 et
1048 762 1102 792 im-

127 806 326 845 putationem
350 805 498 836 iusticiae
521 811 655 846 propter
682 805 785 845 ipsius
809 803 933 835 Christi
956 805 1101 837 meritum

127 853 160 879 et
194 846 361 879 Christum
394 848 427 878 in
440 848 557 883 euobis
592 845 763 879 efficacem
799 849 941 884 essem)
975 851 1008 877 et
1040 856 1102 877 suo

126 890 244 932 spiritu
257 892 264 910 ¹
277 892 305 925 4)
330 895 448 921 sancto
471 889 641 922 uiuificare
664 891 839 921 credentes
860 895 892 920 et
910 900 951 920 ex
970 895 1104 920 aeterna

127 938 232 964 morte
256 943 316 964 nos
353 932 494 964 liberare
522 939 555 964 et
583 931 695 964 facere
726 943 788 964 nos
817 931 912 963 simul
941 932 1102 964 haeredes

127 976 215 1007 vitae
238 981 403 1007 aeternae.

214 1018 261 1049 lta
294 1018 397 1059 inquit
425 1017 547 1050 Paulus
578 1017 672 1049 Rom.
702 1018 732 1049 3.

126 1060 298 1093 iustificari
331 1060 495 1092 hominem
527 1061 598 1092 sine
621 1062 776 1100 operibus
806 1059 879 1097 [fol.
903 1060 983 1098 24b]
1007 1057 1102 1100 legis.

125 1103 206 1134 Item
239 1102 456 1135 lustificamur
485 1104 589 1145 graiis
618 1103 722 1144 ipsius
746 1103 866 1144 gratia,
894 1112 954 1142 per
977 1101 1103 1132 redem-

126 1147 270 1187 ptionem
294 1156 378 1186 quae
401 1152 453 1177 est
482 1147 513 1176 in
537 1145 668 1177 Christo
693 1145 781 1183 lesu,
811 1154 906 1186 quem
932 1145 1103 1186 proposuit

125 1189 210 1220 deus
234 1189 497 1230 propiciatorem,
521 1198 578 1229 per
601 1188 697 1220 fidem
715 1189 746 1219 in
765 1189 927 1229 sanguine
946 1188 1027 1219 eius.
1062 1186 1104 1218 Et

125 1232 287 1263 Actorum
304 1231 349 1262 10.
380 1231 464 1263 Huic
478 1241 592 1263 omnes
606 1230 788 1271 prophetae
801 1230 1020 1262 testimonium
1033 1240 1103 1271 per-

125 1273 250 1312 hibent,
271 1274 497 1304 remissionem
518 1280 728 1314 peccatorum
742 1275 895 1314 accipere
910 1283 1037 1311 omnes,
1054 1276 1103 1311 ¹⁵)
1129 1277 1132 1303 ἵ

127 1318 182 1357 qui
206 1317 344 1347 credunt
367 1318 397 1346 in
421 1326 505 1347 eum.
1128 1306 1132 1346 i

215 1358 300 1390 Sunt
328 1364 437 1389 autem
467 1364 545 1389 nota
573 1356 747 1389 vocabula.
806 1358 902 1390 Fides
937 1358 1104 1400 significat

127 1411 194 1433 nou
218 1406 342 1432 tantum
366 1400 523 1432 historiae
545 1401 717 1438 noticiam,
749 1399 857 1442 qualis
882 1407 914 1432 et
936 1401 968 1431 in
992 1401 1103 1433 diabo-

126 1442 168 1474 lis
192 1449 259 1479 est,
294 1443 335 1474 de
364 1444 480 1484 quibus
512 1444 649 1481 dicitur,
683 1443 872 1474 Daemones
903 1444 1042 1475 credunt
1073 1449 1103 1475 et

127 1486 404 1523 contremiscunt,
435 1486 501 1517 Sed
525 1486 691 1526 significat
712 1485 866 1526 amplecti
890 1496 1004 1517 omnes
1028 1488 1103 1518 arti-

126 1527 223 1561 culos
247 1528 323 1559 fidei
347 1534 379 1559 et
402 1529 433 1559 in
457 1528 509 1558 his
533 1527 621 1559 hunc
643 1528 828 1560 articulum.
866 1528 975 1560 Credo
990 1531 1101 1560 remis-

127 1571 254 1602 sionem
277 1577 502 1612 peccatorum,
529 1570 599 1601 Nec
621 1577 744 1602 tantum
768 1571 844 1611 alijs
868 1572 938 1602 dari
962 1582 1033 1603 eam
1053 1574 1101 1610 16)

129 1613 242 1651 credo,
265 1614 324 1644 sed
348 1614 426 1644 mihi
449 1624 590 1655 quoque.
638 1613 711 1651 [fol.
734 1614 804 1651 25³]
842 1613 934 1645 Haec
957 1614 1039 1646 fides
1059 1615 1102 1646 si-

126 1656 195 1688 mul
218 1663 268 1687 est
296 1656 415 1688 fiducia
443 1657 663 1697 acquiescens
695 1658 727 1687 in
750 1656 930 1688 mediatore
952 1657 1042 1695 iuxta
1066 1656 1101 1688 il-

124 1697 193 1731 lud.
238 1699 406 1731 lustificati
433 1698 498 1730 fide
525 1708 639 1740 pacem
669 1699 839 1731 habemus.
885 1700 931 1730 lta
959 1698 1102 1741 loquitur

125 1740 251 1773 Paulus
274 1742 315 1773 de
338 1742 417 1777 fide,
448 1752 532 1784 quae
564 1742 753 1773 adsentiens
777 1742 929 1774 omnibus
953 1741 1100 1774 articulis
1124 1721 1129 1794 Ι

125 1783 215 1823 fidei,
238 1785 489 1826 promissionem
508 1785 651 1816 intuetur
670 1791 702 1816 et
712 1783 933 1826 amplectitur,
958 1784 1101 1827 copulat

127 1827 211 1858 enim
234 1828 330 1858 fidem
356 1834 386 1858 et
409 1828 663 1868 promissionem
687 1827 780 1858 Rom.
794 1828 824 1859 4.
859 1828 936 1859 Ideo
960 1839 1000 1860 ex
1024 1828 1099 1867 fide,

126 1876 162 1901 vt
184 1870 228 1900 sit
250 1869 343 1900 firma
367 1871 552 1911 promissio.

212 1911 248 1943 ln
271 1911 494 1946 declaratione
518 1911 669 1944 vocabuli
694 1912 883 1951 lustificari,
912 1914 1031 1946 vsitate
1055 1915 1100 1946 di·

144 2023 173 2054 9)
193 2024 246 2047 irae
265 2030 326 2047 suae
345 2030 419 2047 sensu
445 2024 524 2048 corda
547 2023 691 2057 opprimit,]
714 2032 760 2056 pro
785 2024 821 2048 hia
846 2025 928 2049 scriba
952 2027 1100 2058 scripum:

195 2058 275 2081 corda
292 2059 360 2081 veris
379 2058 518 2082 terroribus
543 2059 677 2089 opprimit,
703 2058 764 2082 haec
790 2059 850 2083 Mel.
874 2062 900 2083 in
923 2064 1036 2084 contextu
1061 2061 1100 2085 de-

194 2091 251 2115 levit
277 2095 298 2115 et
317 2093 343 2115 in
364 2094 474 2124 maryine
499 2093 608 2124 scripsit:
635 2094 753 2116 ostendet
772 2094 835 2116 iram
858 2101 943 2123 suam,
967 2094 1004 2118 his
1029 2096 1102 2119 etiam

194 2126 280 2149 deletis
298 2126 410 2157 scripsit:
435 2126 547 2150 effundet
566 2127 628 2149 iram
648 2134 718 2150 suam
738 2131 763 2150 et
781 2135 826 2158 per
844 2127 975 2152 horrenda
991 2129 1040 2160 (P),
1064 2129 1102 2154 liin

194 2161 282 2183 iterum
301 2160 385 2184 deletis
403 2161 506 2192 denique
524 2162 637 2191 scripsit:
662 2161 715 2185 irae
734 2169 794 2185 suae
812 2170 889 2186 sensu
913 2164 992 2187 corda
1016 2165 1102 2195 oppri-

195 2195 255 2223 mit,
275 2202 303 2217 eci
321 2203 383 2226 quae
400 2196 425 2218 in
445 2203 512 2219 omn.
533 2195 613 2218 Editt.
633 2196 754 2226 [equatur.

130 2237 174 2267 10)
194 2236 338 2268 Ezechias]
357 2239 392 2261 sie
412 2238 477 2262 (jod.
498 2241 519 2262 et
539 2238 621 2261 Eoitt.
644 2237 717 2261 1--3.
730 2238 753 2262 6.
766 2239 806 2268 8.;
827 2240 992 2264 cett-Editt.:
1012 2241 1101 2264 Esaias

128 2278 172 2309 11)
193 2278 330 2310 humanae]
364 2279 445 2304 scriba
478 2281 625 2313 scrz'JJse-mt:
658 2280 782 2305 humanae
812 2285 932 2312 naturae,
965 2283 1009 2308 sed
1037 2283 1100 2308 Mei.

196 2320 288 2336 vocem:
309 2318 415 2338 naturae
435 2315 512 2338 litura
531 2314 626 2338 delevit.

127 2354 174 2386 12)
193 2359 318 2385 urguente
336 2356 452 2389 peccata]
472 2357 552 2381 Editt.
576 2357 649 2380 1-3.
670 2358 706 2381 8.:
727 2362 831 2388 peccata
850 2363 975 2389 arguente

129 2396 176 2428 13)
196 2397 327 2421 efficacem
346 2399 411 2430 esse]
430 2399 477 2423 Eu.
499 2400 538 2423 6.:
558 2399 689 2423 efficacem
709 2407 773 2429 esse,
792 2407 857 2424 uoce
876 2401 1022 2434 Euangelij,

129 2439 174 2470 14)
193 2447 239 2496 ἕψε)
259 2440 362 2472 spiritu]
386 2443 422 2466 θέε
440 2443 505 2467 (jod.
532 2446 554 2467 et
579 2442 659 2466 Editt.
687 2443 760 2466 1—3.
780 2443 819 2472 8.;
846 2448 904 2468 cett.
932 2445 1026 2469 Editt.:
1053 2447 1103 2477 spi-

197 2481 217 2496 ri
231 2481 246 2496 u
264 2482 310 2498 suo

130 2516 174 2547 15)
194 2517 309 2547 accipere
333 2518 440 2551 omnem]
464 2518 511 2542 Ed.
532 2519 571 2543 6.:
596 2520 711 2549 accipere
736 2527 824 2544 omnes
850 2529 895 2552 per
920 2530 1011 2546 nomen
1041 2524 1103 2553 eius,

129 2558 175 2589 16)
197 2559 252 2583 dari
273 2561 339 2592 eam]
358 2561 437 2584 Editt.
462 2562 534 2585 1—3.
555 2563 593 2585 8.:
614 2570 670 2586 eam
689 2562 743 2585 dari

334 2618 480 2639 MELANTH.
496 2619 577 2641 OPER.
592 2620 656 2641 VQL.
671 2620 771 2640 XXVIH.

789 1016 1007 1048 Decernimus
1039 1015 1103 1047 fide
1128 1025 1132 1035 ·

1155 547 1262 579 iustos
1285 554 1426 589 reputat,
1451 554 1483 579 et
1506 549 1584 579 dato
1608 549 1723 589 spiritu
1746 557 1808 579 suo
1832 554 1950 580 sancto
1973 558 2035 580 nos
2054 549 2135 580 viui-

1156 589 1234 622 ficat
1256 596 1289 621 et
1317 596 1511 632 regenerat,
1543 592 1630 622 sicut
1660 597 1692 622 et
1714 590 1782 622 loh.
1806 590 1837 621 5.
1871 591 2007 629 dicitur,
2042 592 2134 623 Haec
2159 613 2167 619 -

1156 639 1208 664 est
1231 634 1297 664 vita
1321 633 1393 671 [fol.
1417 634 1497 671 25¹2]
1529 634 1559 664 in
1591 633 1659 664 filio
1681 635 1766 665 eius.
1813 633 1875 669 Qui
1899 634 1999 665 habet
2021 633 2134 673 filium,

1156 674 1256 706 habet
1279 676 1388 707 vitam.
1436 675 1499 711 Qui
1520 686 1587 707 non
1611 677 1710 708 habet
1733 675 1834 708 filium
1858 677 1922 714 dei,
1947 678 2046 708 vitam
2066 686 2132 708 non

1155 718 1265 750 habet.
1324 718 1358 748 Ea
1395 717 1456 750 Ro.
1486 719 1515 750 3.

1156 771 1236 791 cans
1263 762 1471 802 impium.·21)

1242 803 1436 845 Quanquam
1464 805 1618 837 enim22)
1653 803 1750 836 simul
1779 804 1953 836 inchoatur
1983 805 2135 843 Nouitas,

1159 848 1211 883 ²³)
1225 856 1309 887 quae
1334 847 1366 876 in
1389 847 1454 877 vita
1478 852 1612 878 aeterna
1636 849 1696 878 erit
1720 846 1882 887 perfecta,
1907 848 1948 878 ad
1968 858 2068 889 quam
2087 857 2135 879 re-

1156 889 1277 929 dempti
1302 898 1428 924 sumns,
1452 895 1561 920 tamen
1584 899 1727 929 persona
1752 890 1783 921 in
1808 890 1870 922 hac
1893 891 1960 922 vita
1978 900 2044 922 non
2057 901 2134 932 pro-

1155 936 1229 972 pter
1252 940 1359 961 nouas
1386 930 1562 972 qualitates
1591 938 1647 963 aut
1676 943 1779 974 opera
1809 938 1860 963 est
1883 934 1985 971 iusta,
2019 934 2051 964 id
2082 939 2134 965 est

1156 974 1218 1004 deo
1241 979 1391 1014 accepta,
1414 979 1447 1004 et
1474 973 1573 1005 heres
1595 976 1682 1008 vitae
1711 978 1947 1013 aeternae,·23)
1977 977 2038 1008 sed
2061 985 2133 1017 pro-

1572 719 1618 751 Vt
1650 720 1693 750 sit
1723 720 1794 760 ipse
1825 720 1932 751 iustus
1960 725 1992 752 et
2020 719 2133 751 iustifi-

1157 1077 1202 1107 17)
1223 1076 1353 1108 congruit]
1372 1076 1456 1101 scriba
1475 1077 1620 1109 scripserat:
1640 1078 1680 1101 hic
1699 1086 1799 1109 quoquc
1819 1079 1942 1109 quadrat,
1968 1087 1996 1104 eii
2022 1088 2085 1111 quae
2109 1080 2135 1103 in

1224 1119 1293 1135 omn.
1317 1110 1396 1134 Editt.
1424 1111 1537 1142 loquatur
1563 1116 1664 1144 esceptn
1688 1112 1734 1135 Ed.
1764 1114 1803 1142 7.,
1827 1122 1889 1145 quite
1911 1121 1956 1145 pro
1982 1113 2024 1138 hic
2049 1113 2135 1139 habet:

1225 1146 1289 1175 huc‚·
1309 1146 1371 1169 Mei.
1391 1149 1469 1169 autem
1488 1145 1546 1170 haec
1564 1145 1639 1170 rerba
1657 1147 1682 1169 in
1707 1147 1772 1170 Cod.
1798 1148 1875 1171 lztura
1899 1148 1986 1172 delevit
2009 1152 2031 1172 et
2055 1156 2132 1180 supra

1225 1181 1312 1204 lineum
1331 1180 1444 1211 scripsit:
1465 1186 1591 1210 congruit.

1157 1224 1201 1254 18)
1221 1227 1246 1246 e:
1264 1231 1317 1246 nun
1336 1223 1447 1246 habente
1469 1223 1620 1254 Christum,]
1639 1222 1698 1247 haec
1716 1224 1779 1248 Mel.
1798 1227 1823 1247 in
1841 1233 1919 1256 mary.
1939 1224 2045 1249 addidit.

1158 1266 1201 1298 19)
1222 1269 1327 1297 propter
1345 1266 1423 1288 filium
1444 1266 1498 1294 dei,
1519 1266 1553 1297 et]
1573 1265 1631 1289 hoec
1650 1265 1711 1290 Mel.
1731 1268 1756 1290 in
1780 1275 1860 1298 mary.
1886 1268 1984 1299 scripsit
2004 1276 2052 1300 pro
2075 1275 2131 1292 con-

1224 1304 1306 1325 textus
1323 1299 1403 1324 verbis
1423 1299 1454 1323 ab
1475 1301 1524 1332 ipsu
1544 1300 1642 1324 deletis:
1663 1305 1688 1324 et
1714 1301 1851 1325 habentem
1873 1302 1999 1326 iusticiam
2022 1302 2131 1333 imputa-

1225 1339 1276 1358 tan.
1296 1334 1407 1363 Christi,
1426 1341 1470 1357 seu

1156 1377 1201 1407 20)
1221 1375 1282 1409 fide]
1301 1376 1364 1401 lianc
1382 1385 1462 1400 vocem
1480 1377 1540 1401 Mel.
1563 1379 1586 1400 in
1604 1377 1686 1402 eadem
1705 1378 1770 1402 linea
1789 1377 1894 1402 addidit.

1156 1421 1202 1451 21)
1223 1421 1266 1451 qui
1292 1424 1330 1443 est
1354 1419 1460 1443 Iusticia
1484 1424 1587 1450 nostra,
1614 1434 1643 1437 -
1670 1434 1702 1438 —
1728 1425 1753 1444 et
1777 1421 1917 1444 iustificam
1942 1419 2072 1454 Impium.]
2096 1421 2133 1445 sic

1225 1454 1289 1477 Cod.
1309 1453 1436 1478 secundum
1454 1455 1562 1478 ultimam
1580 1455 1756 1478 Melanthonis
1775 1455 1961 1480 emendationem
1979 1456 2005 1479 in
2023 1456 2133 1486 maryirze

1223 1489 1342 1514 <inferiore
1357 1488 1414 1517 folii
1433 1489 1479 1512 25³
1500 1493 1521 1513 et
1541 1489 1611 1520 (inde
1625 1498 1641 1512 (ι
1658 1488 1751 1513 verbis:
1771 1491 1796 1513 in
1811 1490 1864 1513 filio
1879 1491 1941 1514 eius.
1972 1490 2022 1519 Qui
2042 1490 2130 1522 habet)

1224 1523 1250 1546 iu
1268 1523 1394 1554 superiore
1407 1526 1481 1554 parte
1493 1524 1554 1555 folii
1572 1524 1618 1547 25¹³
1639 1524 1769 1557 scriptam,
1788 1528 1809 1548 et
1828 1525 1910 1548 Editt.
1932 1524 2005 1548 1—3.
2026 1525 2050 1548 8.
2070 1533 2132 1557 quae

1226 1565 1280 1581 vero
1295 1565 1357 1589 pro:
1378 1556 1473 1585 „habet
1490 1558 1594 1582 vitam.“
1615 1557 1739 1582 exhibent:
1760 1559 1838 1582 habet
1855 1559 1934 1582 vitam
1950 1562 2088 1589 aeternam,
2109 1563 2131 1584 et

1218 1594 1315 1623 praeter
1323 1599 1351 1615 ea
1369 1594 1502 1615 extremam
1524 1599 1604 1616 vocem
1626 1592 1735 1623 Impium
1762 1594 1882 1617 omittunt.
1920 1593 2030 1617 Ceterae
2049 1593 2130 1618 Editt.

1225 1625 1256 1649 ab
1275 1624 1312 1649 his
1327 1627 1419 1657 partim
1432 1627 1549 1658 varioque
1561 1626 1631 1650 modo
1650 1626 1772 1658 differunt.
1801 1625 1864 1650 Nam
1879 1635 1927 1660 pro
1940 1627 2034 1652 verbis:
2056 1628 2132 1659 „quia

1223 1661 1276 1683 eius
1296 1661 1386 1684 merito
1405 1660 1529 1684 habemus
1549 1674 1580 1678 ——
1600 1664 1625 1684 et
1649 1661 1710 1684 dato
1735 1663 1825 1692 spiritu
1848 1669 1895 1685 suo
1920 1663 2027 1685 saneto‘
2047 1662 2130 1687 Editt.

1223 1695 1246 1718 4.
1273 1693 1297 1718 6.
1322 1694 1444 1726 (priorem
1475 1695 1649 1719 Melanthonis
1679 1695 1867 1720 emendationem
1890 1695 1980 1721 ibidem
2004 1697 2130 1729 scriptam,

1223 1728 1266 1752 sed
1283 1728 1358 1752 derum
1378 1729 1478 1752 deletum
1496 1733 1620 1760 sequentes
1643 1729 1745 1753 habent:
1770 1731 1832 1761 quia
1856 1731 1910 1754 eius
1935 1731 2031 1754 institia
2055 1731 2130 1757 nobis

1224 1764 1374 1793 imputatur,
1403 1767 1428 1786 et
1450 1768 1554 1794 propter
1578 1771 1635 1787 eum
1664 1765 1723 1788 iusti
1746 1769 1908 1795 reputamur,
1933 1769 1959 1788 et
1982 1767 2044 1796 quia.
2067 1766 2129 1790 dato

1222 1798 1312 1828 spiritu
1338 1805 1384 1820 suo
1412 1802 1510 1821 saneto,
1548 1798 1628 1821 Editt.
1657 1799 1680 1821 b.
1706 1798 1729 1822 7.
1758 1799 1791 1823 ab
1815 1798 1852 1823 liis
1874 1798 1970 1823 duabus
1995 1800 2076 1824 Editt.
2103 1808 2130 1825 eo

1222 1832 1375 1863 discrepant,
1400 1832 1465 1863 quod
1486 1831 1574 1856 verba:
1596 1837 1636 1861 „et
1660 1837 1766 1863 propter
1791 1841 1847 1856 eum
1871 1834 1930 1856 iusti
1954 1837 2128 1865 reputarunt-‚⁴¹

1223 1867 1342 1894 omittunt,
1358 1870 1490 1897 praeterea
1508 1867 1556 1890 Ed.
1578 1867 1601 1890 5.
1623 1867 1672 1890 loeo
1691 1866 1773 1890 verbi:
1799 1868 1937 1898 imputatur
1962 1868 2069 1892 exhibet:
2090 1877 2129 1893 re-

1223 1904 1334 1930 putatur.
1354 1914 1387 1918 ·—
1406 1900 1458 1923 Pro
1476 1900 1533 1925 1011.
1553 1902 1577 1924 ὁ.
1596 1900 1666 1925 habet
1686 1900 1733 1925 Ed.
1746 1902 1785 1924 6.’.
1809 1904 1828 1924 l.
1848 1902 1952 1925 Ioannis·
1968 1903 1991 1926 5.
2004 1903 2128 1927 —Porro

1218 1943 1279 1966 pru:
1301 1935 1392 1963 „habet
1411 1935 1514 1958 vitam.“
1535 1936 1560 1958 iu
1579 1935 1697 1959 omnibus
1716 1936 1810 1965 Editt.,
1831 1940 1933 1968 excepta
1951 1937 2005 1960 uolo
2023 1937 2072 1961 Ed.
2094 1939 2128 1967 4.,

1223 1969 1336 2000 lequntur
1360 1968 1446 1993 rerba:
1478 1969 1555 1993 habet
1584 1971 1662 1994 vitam
1685 1973 1830 2000 aeternam,
1856 1984 1888 1988 —
1916 1970 2025 2003 Denique
2054 1971 2130 1996 verba

1223 2006 1414 2061 {Irr'ssngguss't
1432 2003 1507 2028 Rom.
1528 2004 1551 2028 3.
1574 2017 1604 2022 —
1625 2008 1649 2028 et
1673 2004 1815 2028 iustificam
1840 2005 1975 2035 Impium.“
2001 2006 2027 2029 in
2052 2006 2134 2030 Editt.

1155 2080 1201 2112 22)
1221 2080 1300 2112 enim]
1329 2081 1366 2104 sic
1389 2080 1471 2110 Cod.,
1500 2082 1542 2113 qui
1572 2080 1643 2106 habet
1675 2082 1816 2114 scriptionis
1847 2082 2024 2115 compendium:

1224 2122 1314 2138 omnes
1334 2114 1431 2138 Edita:
1450 2119 1535 2139 autem

1154 2158 1200 2188 23)
1221 2165 1287 2189 quae
1305 2158 1331 2181 in
1350 2159 1404 2181 vita
1423 2171 1455 2175 —
1474 2159 1542 2182 vitae
1561 2159 1701 2192 aeternae‚]
1722 2160 1758 2183 sic
1780 2160 1846 2183 Cod.
1871 2159 2000 2183 secundum
2024 2160 2133 2184 ultimam

1222 2192 1401 2215 Melanthonis
1427 2192 1628 2222 emendationem,
1653 2198 1675 2217 et
1698 2194 1778 2217 Edjtt.
1807 2193 1879 2217 1-3.
1904 2194 1944 2223 8.;
1970 2197 2027 2218 cett.
2049 2195 2131 2219 Editt.

1222 2225 1320 2250 habent:
1347 2230 1430 2250 tamen
1460 2234 1511 2250 non
1536 2228 1642 2251 dicimus
1671 2235 1809 2259 personam
1833 2229 1925 2252 iustam
1950 2235 2007 2251 esse
2034 2229 2060 2252 in
2085 2230 2133 2253 hac

1222 2261 1276 2283 vita
1299 2265 1403 2291 propter
1428 2268 1508 2284 novas
1533 2263 1681 2292 qualitates,
1707 2262 1776 2286 Haec
1806 2262 1887 2286 altera
1910 2262 1982 2286 lectio
2007 2267 2072 2287 certe
2099 2272 2128 2288 ex

1221 2298 1293 2327 parte
1311 2296 1422 2326 eonyruit
1441 2302 1493 2319 cum
1513 2297 1596 2328 priori
1614 2297 1733 2325 (judicia,
1759 2304 1821 2328 quae
1845 2297 1869 2319 iu
1893 2300 2007 2320 contextu
2031 2298 2131 2328 leyitur.

1223 2327 1252 2351 In
1271 2327 1314 2352 Iioc
1332 2330 1393 2353 enim
1412 2328 1495 2353 scriba
1516 2334 1571 2362 post
1590 2330 1665 2363 *uerbfc
1689 2331 1924 2361 apprehendentem
1949 2330 2023 2362 [ficte]
2048 2333 2130 2362 ipsum

1223 2362 1366 2393 Christum,
1384 2364 1517 2395 scripserat
1536 2364 1636 2389 haecce:
1662 2365 1712 2388 fide
1736 2368 1842 2396 propter
1865 2372 1939 2395 quem
1967 2365 2050 2389 solum
2072 2374 2131 2397 per-

1223 2404 1289 2420 sona
1307 2399 1354 2421 deo
1375 2399 1464 2429 placet..
1484 2400 1584 2423 oviamsi
1602 2400 1675 2423 simul
1694 2399 1831 2423 inchoatur
1849 2399 1960 2422 nouitas.
1987 2399 2048 2424 Non
2062 2402 2130 2425 onim

1225 2431 1332 2455 dicimus
1350 2433 1467 2456 homines
1485 2434 1564 2456 iustos
1584 2441 1638 2457 asse
1657 2434 1683 2457 in
1702 2433 1750 2457 hac
1769 2434 1822 2457 vita
1839 2438 1945 2464 propter
1970 2441 2050 2458 nouas
2070 2443 2131 2467 qua-

1225 2466 1327 2495 litates,
1346 2475 1408 2498 quae
1425 2470 1475 2490 tum
1492 2467 1553 2491 Mel.
1576 2468 1652 2491 litura
1670 2467 1772 2497 delevit,
1791 2471 1813 2491 et
1832 2468 1856 2491 in
1874 2469 1986 2500 maryine
2008 2473 2130 2493 retracta-

1225 2500 1260 2523 m't
1281 2501 1387 2532 primum
1411 2501 1468 2525 altis
1491 2501 1573 2526 verbis
1597 2501 1673 2526 denuo
1699 2502 1798 2532 deletia,
1824 2501 1925 2533 denique
1949 2503 1992 2532 iis,
2020 2512 2082 2535 quae
2106 2505 2130 2527 in

1226 2542 1279 2558 mea
1297 2534 1344 2558 Ed.
1367 2536 1479 2566 (equatur
1495 2536 1552 2560 iude
1570 2545 1585 2559 α
1607 2536 1701 2560 verbis:
1727 2536 1880 2567 Quanquam
1906 2538 1974 2561 enim
1998 2539 2072 2562 simul
2091 2539 2127 2562 in-

1226 2568 1334 2592 choatur
1353 2577 1426 2601 usque
1445 2569 1479 2593 ad
1495 2569 1582 2594 verbo:
1602 2574 1626 2593 et
1645 2570 1720 2594 huius
1740 2571 1807 2594 vitae
1827 2576 1957 2600 aeternae,

1892 2621 1923 2646 25

2056 2085 2134 2113 n·n·‘r
