2299 2921
164 118 229 151 303

207 214 266 242 Pro
290 217 396 241 navata
419 222 517 250 opera.
552 212 605 248 VI,
629 212 700 241 832.

209 257 357 293 Quantum
376 257 459 294 potui
478 260 506 283 et
528 255 664 283 hortator.
699 254 751 287 VI,
777 253 847 282 754.

208 299 285 335 Quid
309 308 372 327 esse
394 297 510 326 dicam?
534 298 678 326 delirium.
710 296 763 331 IV,
788 296 858 325 758.

208 340 295 377 Quod
318 342 403 369 faust.
428 341 546 377 foelixq.
571 341 610 368 sit
633 340 678 368 die
702 340 729 368 5.
755 339 874 376 Aprilis.
905 337 958 374 IV,
985 338 1054 368 154.

208 385 295 421 Quod
315 385 407 412 lenire
429 383 558 411 dolorem
581 387 722 411 nostrum.
757 381 811 416 VI,
835 382 906 411 551.

208 426 341 456 Sciebam
366 426 417 454 tibi
440 435 525 454 curae
547 425 682 453 futurum.
718 423 771 459 IV,
792 424 864 453 694.

207 469 276 499 Scio
294 474 321 497 te
344 470 374 497 iu
398 479 475 497 vero.
509 469 546 503 V,
572 468 642 497 281.

207 512 281 548 Scis,
305 512 400 540 Deum
424 521 482 539 non
505 511 619 539 frustra.
655 510 691 545 V,
719 511 786 538 196.

207 555 272 584 Scis
295 565 381 592 quam
403 554 573 592 periculose.
608 552 660 588 VI,
684 552 755 582 812.

208 597 271 626 Scis
294 598 400 635 ubique
424 597 520 634 urgeri
544 597 629 625 odiis.
658 596 695 630 V,
720 596 769 624 83.

208 640 328 678 Semper
351 640 496 669 dubitator
519 639 613 667 habet.
648 639 685 674 V,
711 638 781 667 462.

208 683 330 721 Semper
352 683 431 711 utilis
455 687 508 711 est.
542 681 611 716 VII,
636 681 686 710 82.

208 726 367 765 Sperabam
392 736 437 753 me
457 726 487 753 in
506 725 610 753 reditu.
642 723 700 759 III,
725 724 795 753 707.

207 769 275 798 Uno
299 775 326 797 et
349 769 450 797 eodem
474 768 570 796 modo.
604 767 657 801 VI,
681 767 751 796 953.

209 812 329 841 Utinam
352 813 521 848 ἐπίσκοποι,
545 815 602 838 tuo.
638 809 675 844 V,
699 809 770 838 304.

207 855 327 884 Utinam
351 855 470 882 veniens
493 862 586 881 annus
606 870 657 882 —.
690 851 757 881 Sed.
791 851 827 886 V,
853 850 923 879 269.

207 898 302 926 Valde
325 897 511 934 comprobavi
533 895 694 925 consilium.
727 895 764 929 V,
789 894 862 922 857.

208 941 322 969 Viduae
347 949 477 968 caussam
499 940 571 974 agis.
607 938 662 974 IV,
682 937 753 966 802.

165 985 402 1018 Medmanno,
422 983 551 1010 Petro:

208 1025 283 1056 Cum
306 1031 333 1054 te
356 1030 474 1064 propter
494 1026 636 1053 virtutem.
672 1022 726 1058 IV,
750 1022 821 1052 376.

208 1070 274 1098 Deo
296 1074 414 1097 aeterno
437 1068 520 1096 Patri
538 1084 589 1096 -—.
613 1066 743 1095 Utinam.
777 1065 815 1100 V,
835 1065 906 1094 883.

209 1112 373 1150 Epistolam
395 1112 430 1139 ad
453 1116 481 1139 te
503 1110 579 1139 misi.
610 1109 648 1144 V,
676 1109 725 1137 66.

210 1156 250 1184 Et
271 1155 465 1192 Agrippinam
489 1157 623 1182 vestram.
657 1152 695 1186 V,
722 1150 790 1180 102.

211 1199 276 1226 Etsi
299 1197 390 1225 multa
412 1197 449 1224 ad
471 1200 508 1225 te.
539 1196 577 1230 V,
601 1195 672 1223 477.

212 1241 277 1269 Etsi
298 1244 416 1268 nostrae
439 1239 577 1276 epistolae
600 1246 671 1265 non.
704 1235 772 1270 VII,
798 1235 868 1264 594.

211 1284 274 1312 Etsi
297 1283 478 1320 prudentiam
502 1286 529 1308 et
552 1281 647 1308 fidem.
682 1278 752 1313 VII,
777 1278 846 1307 804.

212 1326 275 1354 Etsi
298 1325 445 1354 silentium
464 1324 524 1352 tali.
556 1323 593 1358 V,
617 1323 688 1351 373.

212 1369 351 1406 Mcppum
375 1368 411 1396 ad
434 1372 462 1395 te
485 1366 660 1404 pervenisse.
694 1363 764 1398 VII,
789 1363 860 1392 787.

212 1411 296 1440 Nihil
319 1411 414 1439 scribo
437 1411 473 1438 de
496 1409 693 1447 imperiorum.
727 1405 813 1441 VIII,
836 1405 907 1435 233.

212 1454 276 1483 Nos
297 1454 385 1491 igitur
407 1458 438 1481 ut
460 1453 490 1480 in
512 1456 620 1480 ventre.
655 1450 710 1485 VI,
733 1450 803 1478 233.

211 1497 299 1525 Nunc
322 1497 394 1524 mihi
416 1495 558 1534 prolixae.
592 1492 674 1528 VIII,
699 1493 770 1522 695.

212 1539 358 1578 Scriptum
379 1544 422 1567 est
445 1539 480 1566 de
503 1547 571 1565 vero
591 1537 667 1565 Deo.
697 1534 753 1571 IX,
778 1535 849 1564 607.

212 1583 253 1611 Ut
272 1583 307 1610 de
330 1592 360 1610 se
384 1582 499 1609 Aeneas
521 1580 624 1618 inquit.
660 1578 728 1614 VII,
751 1579 822 1607 819.

170 1626 405 1662 Meicnburg,
429 1623 719 1661 Christophoro:

212 1668 321 1706 Angeli
342 1669 372 1696 in
395 1668 449 1697 his.
484 1667 521 1702 V,
546 1666 616 1695 255.

214 1711 378 1750 Epistolam
401 1715 480 1738 tuam
504 1719 562 1738 non
585 1711 708 1736 tantum.
742 1707 780 1742 V,
805 1707 854 1736 37.

214 1755 253 1782 Et
275 1755 304 1782 in
328 1754 410 1782 coelo
434 1753 610 1782 consideres.
644 1750 697 1785 VI,
722 1750 793 1779 905.

214 1797 305 1825 Miror
328 1797 481 1825 Erasmum
504 1799 733 1834 praeceptorem.
767 1791 821 1828 VI,
844 1791 914 1821 291.

214 1839 278 1869 Scis
302 1840 332 1867 in
355 1840 499 1867 omnibus.
534 1837 618 1872 VIII,
644 1838 713 1865 107.

172 1883 402 1920 Meienburg,
422 1881 613 1910 Michaeli:

215 1925 368 1953 Accedunt
390 1926 480 1962 igitur
501 1924 537 1952 ad
561 1928 685 1951 caetera.
718 1920 786 1956 ΥΠ,
806 1920 877 1949 993.

215 1968 318 1996 Adfuit
340 1968 387 1996 hic
409 1969 488 1996 hisce
512 1967 622 1995 diebus.
653 1963 737 1999 VIII,
763 1964 834 1993 368.

214 2014 281 2048 Ago
305 2011 414 2048 gratias
438 2011 503 2038 Deo
523 2027 573 2039 —.
600 2009 671 2036 Post
689 2011 820 2035 mortem.
854 2004 941 2041 ΥΙΠ,
965 2004 1013 2034 69.

215 2057 281 2090 Ago
301 2054 409 2091 gratias
429 2059 457 2081 et
475 2053 537 2081 viro
561 2050 742 2082 Clarissimo.
776 2049 830 2085 VI,
854 2049 925 2078 865.

214 2097 396 2131 Arbitrabar,
419 2105 478 2124 una
500 2096 592 2123 ituros
614 2103 688 2122 esse.
722 2092 776 2128 VI,
800 2092 871 2121 251.

216 2140 325 2168 Audivi
346 2140 438 2168 filium
460 2139 505 2167 his
528 2137 638 2166 diebus.
672 2135 756 2171 VIII,
783 2136 851 2164 104.

215 2182 358 2211 Cellarius
381 2183 451 2210 mihi
474 2191 532 2210 non
554 2180 720 2218 respondet.
752 2177 808 2214 III,
829 2178 901 2207 497.

217 2225 336 2254 Certum
360 2230 412 2260 est,
433 2225 498 2253 Deo
523 2233 618 2252 curae.
652 2222 720 2256 VII,
748 2221 839 2250 1014.

217 2268 301 2303 Cum,
324 2267 390 2296 Deo
412 2269 541 2301 iuvante,
564 2266 725 2294 rediissem.
758 2264 812 2299 VI,
837 2263 908 2293 698.

218 2310 291 2340 Cum
315 2312 432 2339 domum
455 2311 616 2338 rediissem.
652 2308 707 2343 ΙΠ,
732 2308 802 2337 516.

218 2353 292 2382 Cum
316 2354 379 2381 heri
398 2353 584 2391 accepissem.
619 2351 671 2387 VI,
696 2351 767 2380 949.

218 2395 292 2424 Cum
314 2397 523 2425 intellexissem
544 2395 713 2423 Iohannem.
747 2392 800 2428 IV,
823 2392 894 2421 832.

220 2438 295 2468 Cum
318 2440 392 2468 istuc
415 2439 598 2477 profecturus
621 2441 707 2467 esset.
741 2435 795 2472 VI,
820 2436 890 2465 378.

220 2481 294 2510 Cum
313 2483 383 2510 mihi
406 2483 552 2510 Erasmus.
585 2480 622 2516 V,
648 2480 718 2509 270.

220 2523 294 2553 Cum
315 2530 381 2562 post
402 2525 604 2553 tristissimam.
639 2522 691 2558 VI,
716 2522 786 2552 536.

220 2567 294 2596 Cum
315 2569 440 2597 sciamus
462 2571 626 2604 utrumque.
660 2564 728 2601 VII,
755 2565 845 2594 1054.

811 113 997 146 PHlLlPPI
1026 112 1341 145 MELANTHONIS
1367 111 1531 144 OPERA.
2107 112 2171 147 304

1238 208 1312 238 Cum
1335 209 1514 237 venissemus
1538 207 1739 245 Naoburgum.
1771 208 1855 244 vm,
1880 208 1951 239 299.

1239 251 1286 279 De
1306 252 1358 279 filii
1381 252 1482 279 studiis
1503 256 1530 279 et
1553 251 1687 279 moribus.
1717 250 1786 285 VII,
1807 252 1876 281 417.

1238 293 1285 322 De
1306 295 1366 322 filio
1387 292 1446 323 Dn.
1466 294 1552 322 Doct.
1575 293 1722 322 Iohannis.
1750 293 1804 329 III,
1828 295 1899 324 947.

1239 336 1286 365 De
1308 336 1495 373 Imperatoris
1518 337 1631 366 itinere.
1661 336 1729 371 VII,
1752 337 1822 366 608.

1237 378 1295 407 Dei
1318 379 1459 408 beneficio
1482 380 1577 408 adhuc
1596 396 1646 409 ——.
1671 381 1726 407 Ac.
1760 378 1828 415 VII,
1853 381 1923 409 817.

1237 421 1295 450 Dei
1317 422 1460 451 beneficio
1483 420 1638 460 Casparus.
1670 422 1739 457 VII,
1763 421 1833 450 490.

1240 464 1296 492 Dei
1320 465 1462 493 beneficio
1485 464 1736 503 Christophorum,
1760 464 1861 494 filium.
1897 465 1949 499 VI,
1974 466 2044 495 541.

1239 507 1296 536 Dei
1319 507 1460 536 beneficio
1483 508 1535 536 filii
1556 525 1604 537 -.
1628 507 1879 545 Christophorum.
1913 507 1981 542 VII,
2006 510 2076 539 550.

1240 550 1298 578 Dei
1320 550 1460 579 beneficio
1483 551 1535 578 filii
1554 567 1603 579 —.
1628 551 1701 579 Dixi
1724 550 1886 587 aliquoties.
1927 550 1996 587 VH,
2021 552 2092 581 839.

1240 593 1296 621 Dei
1321 593 1458 622 beneficio
1477 594 1529 621 filii
1549 610 1598 622 —.
1622 592 1684 621 Nec
1708 593 1891 630 deprehendi.
1926 593 1995 629 VII,
2019 594 2090 624 830.

1239 635 1297 663 Dei
1318 635 1458 664 beneficio
1478 637 1530 665 filii
1549 653 1597 663 -.
1619 635 1757 664 Nondum
1782 636 1926 673 contagia.
1956 635 2024 672 VII,
2049 638 2119 667 834.

1239 678 1297 706 Dei
1320 678 1459 708 beneficio
1480 679 1534 707 filii
1552 696 1602 707 ——.
1627 678 1749 707 Reversi
1767 679 1833 707 huc.
1867 678 1904 713 V,
1929 679 2000 709 787.

1238 720 1297 749 Dei
1319 720 1460 750 beneficio
1484 722 1562 750 filius
1580 741 1630 749 —.
1654 721 1700 749 De
1722 720 1854 758 publicis.
1883 720 1968 757 ΥΠΙ,
1993 721 2064 751 261.

1238 762 1295 791 Dei
1318 763 1458 792 beneficio
1476 765 1551 792 filius
1571 780 1621 791 -.
1644 763 1730 791 Doct.
1744 762 1976 792 Schneidewein.
2001 764 2085 800 VIII,
2098 765 2170 795 242.

1239 805 1297 834 Dei
1322 806 1461 835 beneficio
1484 807 1561 835 filius
1580 823 1630 833 —-.
1654 806 1691 834 Et
1714 806 1902 835 Academiae.
1935 807 2020 841 vm,
2040 809 2091 837 97.

1239 848 1296 876 Dei
1319 849 1457 877 beneficio
1476 850 1553 877 filius
1572 866 1622 876 -.
1647 848 1758 884 Qualis.
1792 848 1877 883 VIII,
1902 850 1973 879 460.

1240 891 1298 919 Dei
1321 891 1461 920 beneficio
1483 893 1623 920 hactenus
1645 892 1675 919 in
1699 895 1806 919 nostro.
1841 890 1895 930 VI,
1920 891 1990 921 242.

1240 933 1297 962 Dei
1319 935 1458 963 beneficio
1487 934 1672 973 pervenimus
1702 935 1732 962 in
1761 934 1900 971 oppidum
1924 934 2086 972 Mersburg.
2122 933 2176 971 VI,

1240 1018 1297 1047 Dei
1321 1020 1462 1049 beneficio
1482 1024 1560 1048 recte
1577 1037 1627 1048 —-.
1652 1020 1699 1048 Ad
1722 1019 1949 1056 Landgravium.
1984 1019 2021 1055 V,
2042 1020 2112 1050 892.

1240 1062 1298 1090 Dei
1320 1062 1461 1092 beneficio
1484 1067 1563 1091 recte
1581 1079 1631 1091 —.
1657 1062 1775 1099 Accepi.
1806 1061 1891 1095 VIII,
1917 1062 1967 1092 81.

1241 1104 1298 1133 Dei
1320 1105 1460 1134 beneficio
1479 1110 1556 1134 recte
1574 1122 1625 1132 --.
1649 1105 1695 1133 De
1714 1103 1868 1133 Conventu
1886 1106 2072 1142 Augustano.
2106 1105 2175 1141 VII,

1241 1190 1298 1218 Dei
1320 1190 1461 1218 beneficio
1483 1195 1561 1219 recte
1579 1207 1630 1219 -.
1655 1190 1752 1218 Hodie
1775 1191 1855 1218 mihi.
1889 1189 1958 1225 VII,
1986 1190 2055 1220 129.

1240 1232 1299 1260 Dei
1322 1232 1464 1261 beneficio
1484 1237 1562 1260 recte
1579 1249 1629 1260 —.
1654 1231 1776 1269 Scripsit
1796 1233 1832 1260 ad
1856 1242 1912 1261 me.
1947 1232 2015 1268 VII,
2040 1232 2131 1262 1112.

1242 1275 1298 1302 Dei
1320 1275 1462 1304 beneficio
1486 1275 1560 1303 salvi
1584 1280 1611 1302 et
1633 1275 1801 1304 incolumes.
1834 1275 1888 1309 VI,
1914 1275 1983 1304 187.

1241 1317 1308 1346 Deo
1331 1323 1459 1353 aeterno,
1489 1318 1569 1346 Patri
1588 1334 1637 1346 —.
1661 1317 1732 1346 Non
1756 1322 1834 1354 puto.
1868 1317 1922 1353 VI,
1949 1317 2020 1346 834.

1241 1359 1337 1431 Degrln
1360 1366 1520 1396 aeternum,
1544 1360 1660 1389 Patrem
1679 1377 1729 1390 ——.
1754 1360 1800 1388 De
1821 1360 1973 1389 Conventa
1992 1361 2175 1398 Augustano.

1362 1405 1433 1433 918.

1241 1425 1338 1474 Deuni
1361 1451 1520 1481 aeternum,
1543 1446 1659 1474 Patrem
1681 1463 1732 1474 —.
1757 1445 1791 1473 In
1813 1443 1974 1474 Conventu.
2010 1444 2078 1482 VII,
2104 1445 2176 1475 274.

1242 1488 1339 1517 Deum
1367 1494 1531 1524 aeternum,
1557 1490 1675 1517 Patrem
1700 1506 1751 1517 —.
1786 1487 1950 1526 Scriptores
1976 1488 2072 1517 vicini.
2106 1487 2176 1523 VH,

1244 1574 1350 1610 Deum,
1373 1575 1490 1603 Patrem
1511 1574 1684 1603 liberatoris·
1706 1591 1755 1602 —-.
1779 1573 1813 1600 In
1833 1573 1995 1610 Hungaria.
2031 1572 2084 1608 VI,
2103 1573 2174 1603 831.

1244 1618 1326 1646 Deus
1345 1618 1497 1647 coherceat
1519 1627 1646 1646 coecum.
1681 1616 1734 1651 IV,
1759 1617 1829 1645 900.

1244 1660 1328 1689 Deus
1350 1661 1380 1689 in
1403 1670 1509 1698 genere
1531 1661 1667 1688 humano.
1701 1658 1786 1693 VIII,
1811 1658 1882 1687 274.

1245 1704 1303 1741 Egi
1325 1713 1442 1732 causam
1463 1703 1601 1732 Doctoris
1622 1702 1722 1731 Ionae.
1745 1700 1797 1736 VI,
1821 1701 1891 1731 885.

1245 1746 1309 1775 Etsi
1331 1747 1497 1784 accepimus
1519 1746 1617 1775 literas
1640 1745 1714 1773 salvi
1736 1744 1904 1773 conductus.
1934 1743 2003 1779 VII,
2028 1743 2098 1773 946.

1244 1789 1309 1818 Etsi
1327 1790 1461 1826 arbitror,
1483 1789 1683 1817 offensionem.
1717 1787 1755 1822 V,
1780 1786 1851 1816 860.

1245 1832 1309 1861 Etsi
1331 1842 1399 1861 cura
1422 1836 1449 1860 et
1471 1832 1579 1859 dolore.
1613 1830 1681 1865 VII,
1705 1830 1776 1858 918.

1246 1876 1310 1904 Etsi
1333 1876 1369 1903 de
1389 1875 1550 1903 Academia
1572 1874 1674 1902 adhuc.
1705 1871 1758 1907 VI,
1780 1872 1851 1901 705.

1246 1919 1311 1946 Etsi
1334 1918 1453 1946 difficile
1478 1922 1530 1951 est,
1553 1917 1692 1945 invenire.
1728 1914 1812 1949 VIII,
1838 1915 1908 1944 134.

1245 1961 1310 1989 Etsi
1330 1960 1415 1989 facile
1438 1964 1533 1998 potest
1555 1958 1734 1997 responderi.
1768 1956 1836 1992 VII,
1859 1957 1931 1986 441.

1244 2004 1308 2032 Etsi
1330 2004 1393 2031 heri
1417 2012 1452 2030 ex
1476 2003 1649 2039 Noriberga.
1685 2000 1754 2037 VII,
1778 2000 1849 2029 361.

1245 2046 1309 2075 Etsi
1332 2046 1415 2074 multi
1438 2045 1598 2083 Principes.
1633 2045 1686 2079 VI,
1710 2044 1780 2073 205.

1245 2089 1310 2118 Etsi
1329 2088 1524 2117 ratiocinabar
1547 2097 1608 2116 vos.
1643 2087 1695 2122 VI,
1720 2086 1791 2115 652.

1246 2132 1310 2160 Etsi
1332 2141 1419 2169 saepe
1440 2131 1613 2159 recentiora.
1647 2130 1700 2165 VI,
1725 2130 1796 2158 904.

1244 2175 1308 2203 Etsi
1330 2184 1417 2213 spero
1440 2184 1493 2202 nos
1515 2173 1642 2211 Lipsiae.
1669 2173 1723 2208 IV,
1748 2172 1819 2200 707.

1246 2218 1310 2246 Etsi
1334 2222 1466 2255 tempora
1489 2225 1584 2245 saeva.
1619 2216 1689 2251 VII,
1713 2215 1783 2243 449.

1246 2261 1311 2289 Etsi
1330 2265 1426 2289 vestro
1448 2259 1565 2289 iudicio.
1596 2258 1664 2294 ΥΠ,
1688 2258 1760 2286 465.

1245 2304 1390 2332 Existimo
1411 2302 1625 2339 Christophoro
1647 2300 1756 2329 utilius.
1791 2297 1876 2333 VIII,
1899 2298 1950 2327 40.

1248 2346 1324 2375 Filio
1346 2345 1558 2383 Christophoro
1580 2345 1618 2372 ad
1641 2352 1700 2373 vos.
1730 2341 1798 2377 VII,
1822 2342 1893 2371 665.

1248 2389 1365 2418 Fuisset
1386 2389 1540 2416 honestum
1558 2388 1594 2416 ad
1617 2386 1776 2425 Synodum.
1810 2384 1879 2419 VII,
1903 2383 1974 2413 966.

1248 2431 1383 2467 Gaudeo,
1406 2441 1458 2460 vos
1480 2430 1602 2459 feliciter
1624 2430 1750 2458 domum.
1785 2428 1821 2463 V,
1847 2426 1917 2456 682.

1249 2473 1368 2503 Gratias
1390 2483 1447 2511 ago
1468 2474 1551 2503 vobis
1573 2477 1712 2501 amanter.
1747 2469 1800 2506 VI,
1824 2469 1894 2499 292.

1249 2516 1369 2546 Gratias
1391 2526 1447 2554 ago
1469 2516 1550 2545 vobis
1573 2525 1626 2553 pro
1649 2514 1828 2543 assiduitate.
1861 2511 1914 2547 VI,
1938 2511 2010 2541 908.

1249 2559 1369 2590 Gratias
1392 2559 1475 2588 vobis
1496 2567 1552 2596 ago
1575 2568 1630 2597 pro
1652 2557 1756 2587 studio.
1790 2554 1844 2590 VI,
1868 2555 1938 2584 617.
