<?xml version="1.0" encoding="UTF-8"?>
<!DOCTYPE html PUBLIC "-//W3C//DTD XHTML 1.0 Transitional//EN"
    "http://www.w3.org/TR/xhtml1/DTD/xhtml1-transitional.dtd">
<html xmlns="http://www.w3.org/1999/xhtml" xml:lang="en" lang="en">
 <head>
  <title>
</title>
<meta http-equiv="Content-Type" content="text/html;charset=utf-8" />
  <meta name='ocr-system' content='tesseract 3.04.00' />
  <meta name='ocr-capabilities' content='ocr_page ocr_carea ocr_par ocr_line ocrx_word'/>
</head>
<body>
  <div class='ocr_page' id='page_1' title='image "./operaquaesupersu28melauoft/operaquaesupersu28melauoft_0316.png"; bbox 0 0 2299 2921; ppageno 0'>
   <div class='ocr_carea' id='block_1_1' title="bbox 151 144 2160 182">
    <p class='ocr_par' dir='ltr' id='par_1_1' title="bbox 151 144 2160 182">
     <span class='ocr_line' id='line_1_1' title="bbox 151 144 2160 182; baseline 0.003 -7"><span class='ocrx_word' id='word_1_1' title='bbox 151 151 188 182; x_wconf 85' lang='lat'>11</span> <span class='ocrx_word' id='word_1_2' title='bbox 794 145 978 179; x_wconf 76' lang='lat' dir='ltr'>PfflLlPPl</span> <span class='ocrx_word' id='word_1_3' title='bbox 1007 144 1325 178; x_wconf 84' lang='lat' dir='ltr'>MELANTHONIS</span> <span class='ocrx_word' id='word_1_4' title='bbox 1353 144 1513 179; x_wconf 84' lang='lat' dir='ltr'><strong>OPERA.</strong></span> <span class='ocrx_word' id='word_1_5' title='bbox 2119 148 2160 181; x_wconf 79' lang='lat'>12</span> 
     </span>
    </p>
   </div>
   <div class='ocr_carea' id='block_1_2' title="bbox 150 241 2161 1057">
    <p class='ocr_par' dir='ltr' id='par_1_2' title="bbox 372 241 2157 366">
     <span class='ocr_line' id='line_1_2' title="bbox 372 241 2157 280; baseline -0.001 -6"><span class='ocrx_word' id='word_1_6' title='bbox 372 255 444 279; x_wconf 77' lang='lat' dir='ltr'>cam,</span> <span class='ocrx_word' id='word_1_7' title='bbox 469 245 595 273; x_wconf 83' lang='lat' dir='ltr'>defendit</span> <span class='ocrx_word' id='word_1_8' title='bbox 618 253 699 273; x_wconf 79' lang='lat' dir='ltr'>suain</span> <span class='ocrx_word' id='word_1_9' title='bbox 719 243 843 271; x_wconf 89' lang='lat' dir='ltr'>docendi</span> <span class='ocrx_word' id='word_1_10' title='bbox 867 243 1008 270; x_wconf 86' lang='lat' dir='ltr'>rationem</span> <span class='ocrx_word' id='word_1_11' title='bbox 1030 242 1066 269; x_wconf 86' lang='lat' dir='ltr'>ab</span> <span class='ocrx_word' id='word_1_12' title='bbox 1089 241 1264 270; x_wconf 79' lang='lat' dir='ltr'>adversariis</span> <span class='ocrx_word' id='word_1_13' title='bbox 1288 246 1434 277; x_wconf 72' lang='lat' dir='ltr'>notatam,</span> <span class='ocrx_word' id='word_1_14' title='bbox 1467 247 1495 270; x_wconf 90' lang='lat' dir='ltr'>et</span> <span class='ocrx_word' id='word_1_15' title='bbox 1525 243 1688 278; x_wconf 83' lang='lat' dir='ltr'><strong>contendit,</strong></span> <span class='ocrx_word' id='word_1_16' title='bbox 1720 243 1893 280; x_wconf 62' lang='lat' dir='ltr'>scripturam</span> <span class='ocrx_word' id='word_1_17' title='bbox 1919 252 2034 272; x_wconf 84' lang='lat' dir='ltr'>sacram</span> <span class='ocrx_word' id='word_1_18' title='bbox 2062 244 2157 273; x_wconf 82' lang='lat' dir='ltr'>solam</span> 
     </span>
     <span class='ocr_line' id='line_1_3' title="bbox 373 284 2157 322; baseline -0.001 -6"><span class='ocrx_word' id='word_1_19' title='bbox 373 289 497 317; x_wconf 79' lang='lat' dir='ltr'>condere</span> <span class='ocrx_word' id='word_1_20' title='bbox 519 287 655 316; x_wconf 81' lang='lat' dir='ltr'><strong>articulos</strong></span> <span class='ocrx_word' id='word_1_21' title='bbox 678 286 758 320; x_wconf 83' lang='lat' dir='ltr'>fidei,</span> <span class='ocrx_word' id='word_1_22' title='bbox 789 295 850 313; x_wconf 76' lang='lat' dir='ltr'>cain</span> <span class='ocrx_word' id='word_1_23' title='bbox 874 284 1015 314; x_wconf 84' lang='lat' dir='ltr'>Conciliis</span> <span class='ocrx_word' id='word_1_24' title='bbox 1041 293 1105 313; x_wconf 85' lang='lat' dir='ltr'>esse</span> <span class='ocrx_word' id='word_1_25' title='bbox 1127 285 1322 322; x_wconf 75' lang='lat' dir='ltr'>superiorem,</span> <span class='ocrx_word' id='word_1_26' title='bbox 1350 294 1444 322; x_wconf 87' lang='lat' dir='ltr'>neque</span> <span class='ocrx_word' id='word_1_27' title='bbox 1468 290 1570 314; x_wconf 88' lang='lat' dir='ltr'>contra</span> <span class='ocrx_word' id='word_1_28' title='bbox 1599 295 1663 315; x_wconf 87' lang='lat' dir='ltr'>eam</span> <span class='ocrx_word' id='word_1_29' title='bbox 1686 286 1862 314; x_wconf 87' lang='lat' dir='ltr'>audiendum</span> <span class='ocrx_word' id='word_1_30' title='bbox 1894 295 1958 315; x_wconf 87' lang='lat' dir='ltr'>esse</span> <span class='ocrx_word' id='word_1_31' title='bbox 1983 286 2157 316; x_wconf 87' lang='lat' dir='ltr'>Pontificem</span> 
     </span>
     <span class='ocr_line' id='line_1_4' title="bbox 373 328 1326 366; baseline -0.004 -7"><span class='ocrx_word' id='word_1_32' title='bbox 373 331 548 364; x_wconf 65' lang='lat' dir='ltr'>Romanum,</span> <span class='ocrx_word' id='word_1_33' title='bbox 573 339 666 366; x_wconf 81' lang='lat' dir='ltr'>neque</span> <span class='ocrx_word' id='word_1_34' title='bbox 684 329 859 357; x_wconf 88' lang='lat' dir='ltr'>audiendam</span> <span class='ocrx_word' id='word_1_35' title='bbox 881 329 1067 357; x_wconf 80' lang='lat' dir='ltr'>traditionem</span> <span class='ocrx_word' id='word_1_36' title='bbox 1091 328 1326 356; x_wconf 87' lang='lat' dir='ltr'>ecelesiasticam.</span> 
     </span>
    </p>

    <p class='ocr_par' dir='ltr' id='par_1_3' title="bbox 151 371 2159 497">
     <span class='ocr_line' id='line_1_5' title="bbox 151 371 2159 411; baseline -0.002 -5"><span class='ocrx_word' id='word_1_37' title='bbox 151 376 236 406; x_wconf 83' lang='lat' dir='ltr'>Febr.</span> <span class='ocrx_word' id='word_1_38' title='bbox 289 377 316 405; x_wconf 83' lang='lat'>9.</span> <span class='ocrx_word' id='word_1_39' title='bbox 341 375 485 404; x_wconf 85' lang='lat' dir='ltr'>Lutherus</span> <span class='ocrx_word' id='word_1_40' title='bbox 508 374 544 401; x_wconf 85' lang='lat' dir='ltr'>ad</span> <span class='ocrx_word' id='word_1_41' title='bbox 567 372 767 410; x_wconf 86' lang='lat' dir='ltr'>Spalatinum:</span> <span class='ocrx_word' id='word_1_42' title='bbox 794 371 990 409; x_wconf 86' lang='lat' dir='ltr'>„Philippo</span> <span class='ocrx_word' id='word_1_43' title='bbox 1014 371 1132 399; x_wconf 88' lang='lat' dir='ltr'>memini</span> <span class='ocrx_word' id='word_1_44' title='bbox 1155 381 1200 398; x_wconf 87' lang='lat' dir='ltr'>me</span> <span class='ocrx_word' id='word_1_45' title='bbox 1224 376 1341 408; x_wconf 83' lang='lat' dir='ltr'>optasse</span> <span class='ocrx_word' id='word_1_46' title='bbox 1363 380 1485 399; x_wconf 83' lang='lat' dir='ltr'>uxorem</span> <span class='ocrx_word' id='word_1_47' title='bbox 1508 371 1568 399; x_wconf 87' lang='lat' dir='ltr'>suis</span> <span class='ocrx_word' id='word_1_48' title='bbox 1591 372 1721 401; x_wconf 88' lang='lat' dir='ltr'>moribus</span> <span class='ocrx_word' id='word_1_49' title='bbox 1744 378 1857 410; x_wconf 84' lang='lat' dir='ltr'>aptam,</span> <span class='ocrx_word' id='word_1_50' title='bbox 1886 382 1940 400; x_wconf 89' lang='lat' dir='ltr'>nec</span> <span class='ocrx_word' id='word_1_51' title='bbox 1970 372 2065 401; x_wconf 87' lang='lat' dir='ltr'>adhuc</span> <span class='ocrx_word' id='word_1_52' title='bbox 2087 382 2159 411; x_wconf 84' lang='lat' dir='ltr'>poe—</span> 
     </span>
     <span class='ocr_line' id='line_1_6' title="bbox 373 414 2155 454; baseline -0.001 -9"><span class='ocrx_word' id='word_1_53' title='bbox 373 418 445 445; x_wconf 75' lang='lat' dir='ltr'>nitet</span> <span class='ocrx_word' id='word_1_54' title='bbox 468 417 572 454; x_wconf 87' lang='lat' dir='ltr'>optati:</span> <span class='ocrx_word' id='word_1_55' title='bbox 592 420 689 443; x_wconf 86' lang='lat' dir='ltr'>metuo</span> <span class='ocrx_word' id='word_1_56' title='bbox 713 415 824 442; x_wconf 91' lang='lat' dir='ltr'>homini</span> <span class='ocrx_word' id='word_1_57' title='bbox 848 424 957 449; x_wconf 85' lang='lat' dir='ltr'>casum,</span> <span class='ocrx_word' id='word_1_58' title='bbox 977 415 1027 451; x_wconf 90' lang='lat' dir='ltr'>qui</span> <span class='ocrx_word' id='word_1_59' title='bbox 1050 423 1156 451; x_wconf 86' lang='lat' dir='ltr'>magna</span> <span class='ocrx_word' id='word_1_60' title='bbox 1178 414 1296 451; x_wconf 82' lang='lat' dir='ltr'>ingenia</span> <span class='ocrx_word' id='word_1_61' title='bbox 1318 414 1408 442; x_wconf 86' lang='lat' dir='ltr'>ferme</span> <span class='ocrx_word' id='word_1_62' title='bbox 1431 415 1624 452; x_wconf 78' lang='lat' dir='ltr'><strong>persequitur,</strong></span> <span class='ocrx_word' id='word_1_63' title='bbox 1646 419 1707 444; x_wconf 89' lang='lat' dir='ltr'>tum</span> <span class='ocrx_word' id='word_1_64' title='bbox 1730 416 1807 453; x_wconf 87' lang='lat' dir='ltr'>quod</span> <span class='ocrx_word' id='word_1_65' title='bbox 1831 416 1918 444; x_wconf 88' lang='lat' dir='ltr'>homo</span> <span class='ocrx_word' id='word_1_66' title='bbox 1941 420 1986 444; x_wconf 86' lang='lat' dir='ltr'>est</span> <span class='ocrx_word' id='word_1_67' title='bbox 2007 416 2051 444; x_wconf 89' lang='lat' dir='ltr'>rei</span> <span class='ocrx_word' id='word_1_68' title='bbox 2073 415 2155 444; x_wconf 86' lang='lat' dir='ltr'>fami-</span> 
     </span>
     <span class='ocr_line' id='line_1_7' title="bbox 373 457 2119 497; baseline -0.001 -9"><span class='ocrx_word' id='word_1_69' title='bbox 373 461 451 488; x_wconf 81' lang='lat' dir='ltr'>liaris</span> <span class='ocrx_word' id='word_1_70' title='bbox 474 460 577 497; x_wconf 86' lang='lat' dir='ltr'>suique</span> <span class='ocrx_word' id='word_1_71' title='bbox 601 458 732 496; x_wconf 85' lang='lat' dir='ltr'>corporis</span> <span class='ocrx_word' id='word_1_72' title='bbox 754 458 1016 492; x_wconf 76' lang='lat' dir='ltr'>incuriosissimu83</span> <span class='ocrx_word' id='word_1_73' title='bbox 1039 458 1163 486; x_wconf 79' lang='lat' dir='ltr'>necdum</span> <span class='ocrx_word' id='word_1_74' title='bbox 1186 462 1284 485; x_wconf 81' lang='lat' dir='ltr'>tamen</span> <span class='ocrx_word' id='word_1_75' title='bbox 1309 458 1394 485; x_wconf 86' lang='lat' dir='ltr'>video</span> <span class='ocrx_word' id='word_1_76' title='bbox 1417 457 1563 486; x_wconf 90' lang='lat' dir='ltr'>hominem</span> <span class='ocrx_word' id='word_1_77' title='bbox 1586 459 1623 486; x_wconf 83' lang='lat' dir='ltr'>ad</span> <span class='ocrx_word' id='word_1_78' title='bbox 1645 459 1675 486; x_wconf 87' lang='lat' dir='ltr'>id</span> <span class='ocrx_word' id='word_1_79' title='bbox 1698 467 1789 496; x_wconf 88' lang='lat' dir='ltr'>genus</span> <span class='ocrx_word' id='word_1_80' title='bbox 1812 459 1888 487; x_wconf 79' lang='lat' dir='ltr'>vitae</span> <span class='ocrx_word' id='word_1_81' title='bbox 1912 460 2119 497; x_wconf 81' lang='lat' dir='ltr'>propensum.“</span> 
     </span>
    </p>

    <p class='ocr_par' dir='ltr' id='par_1_4' title="bbox 150 500 2156 626">
     <span class='ocr_line' id='line_1_8' title="bbox 150 500 2154 539; baseline -0.002 -5"><span class='ocrx_word' id='word_1_82' title='bbox 150 506 234 534; x_wconf 84' lang='lat' dir='ltr'>Mart.</span> <span class='ocrx_word' id='word_1_83' title='bbox 270 505 315 534; x_wconf 85' lang='lat'>18.</span> <span class='ocrx_word' id='word_1_84' title='bbox 338 503 532 537; x_wconf 77' lang='lat' dir='ltr'>Reuchlinus⁷</span> <span class='ocrx_word' id='word_1_85' title='bbox 556 501 765 539; x_wconf 85' lang='lat' dir='ltr'>Ingolstadiam</span> <span class='ocrx_word' id='word_1_86' title='bbox 790 506 926 534; x_wconf 76' lang='lat' dir='ltr'>vocatus,</span> <span class='ocrx_word' id='word_1_87' title='bbox 950 501 1080 535; x_wconf 84' lang='lat' dir='ltr'>volebat,</span> <span class='ocrx_word' id='word_1_88' title='bbox 1105 500 1272 537; x_wconf 85' lang='lat' dir='ltr'>Philippum</span> <span class='ocrx_word' id='word_1_89' title='bbox 1295 501 1325 528; x_wconf 90' lang='lat' dir='ltr'>in</span> <span class='ocrx_word' id='word_1_90' title='bbox 1348 510 1431 529; x_wconf 77' lang='lat' dir='ltr'>suum</span> <span class='ocrx_word' id='word_1_91' title='bbox 1460 501 1615 529; x_wconf 78' lang='lat' dir='ltr'>succedere</span> <span class='ocrx_word' id='word_1_92' title='bbox 1646 501 1756 535; x_wconf 88' lang='lat' dir='ltr'>locum,</span> <span class='ocrx_word' id='word_1_93' title='bbox 1782 503 1860 538; x_wconf 87' lang='lat' dir='ltr'>quod</span> <span class='ocrx_word' id='word_1_94' title='bbox 1888 511 1956 530; x_wconf 85' lang='lat' dir='ltr'>vero</span> <span class='ocrx_word' id='word_1_95' title='bbox 1988 502 2034 530; x_wconf 88' lang='lat' dir='ltr'>hic</span> <span class='ocrx_word' id='word_1_96' title='bbox 2063 511 2154 539; x_wconf 83' lang='lat' dir='ltr'>quan-</span> 
     </span>
     <span class='ocr_line' id='line_1_9' title="bbox 374 542 2156 583; baseline -0.001 -9"><span class='ocrx_word' id='word_1_97' title='bbox 374 555 461 583; x_wconf 85' lang='lat' dir='ltr'><strong>quam</strong></span> <span class='ocrx_word' id='word_1_98' title='bbox 484 555 515 574; x_wconf 89' lang='lat' dir='ltr'>se</span> <span class='ocrx_word' id='word_1_99' title='bbox 537 545 665 582; x_wconf 85' lang='lat' dir='ltr'>aliquam</span> <span class='ocrx_word' id='word_1_100' title='bbox 688 544 861 572; x_wconf 82' lang='lat' dir='ltr'>valetudinis</span> <span class='ocrx_word' id='word_1_101' title='bbox 883 545 1023 572; x_wconf 88' lang='lat' dir='ltr'>iacturam</span> <span class='ocrx_word' id='word_1_102' title='bbox 1046 544 1076 572; x_wconf 91' lang='lat' dir='ltr'>in</span> <span class='ocrx_word' id='word_1_103' title='bbox 1105 542 1236 572; x_wconf 82' lang='lat' dir='ltr'>saxonia</span> <span class='ocrx_word' id='word_1_104' title='bbox 1263 543 1365 572; x_wconf 81' lang='lat' dir='ltr'>secisse</span> <span class='ocrx_word' id='word_1_105' title='bbox 1392 543 1511 578; x_wconf 83' lang='lat' dir='ltr'>fatetur,</span> <span class='ocrx_word' id='word_1_106' title='bbox 1542 554 1601 572; x_wconf 90' lang='lat' dir='ltr'>non</span> <span class='ocrx_word' id='word_1_107' title='bbox 1625 544 1701 579; x_wconf 83' lang='lat' dir='ltr'>vult,</span> <span class='ocrx_word' id='word_1_108' title='bbox 1730 549 1758 572; x_wconf 88' lang='lat' dir='ltr'>at</span> <span class='ocrx_word' id='word_1_109' title='bbox 1782 549 1879 572; x_wconf 88' lang='lat' dir='ltr'>tamen</span> <span class='ocrx_word' id='word_1_110' title='bbox 1907 549 2096 581; x_wconf 89' lang='lat' dir='ltr'>sequuturum</span> <span class='ocrx_word' id='word_1_111' title='bbox 2124 553 2156 573; x_wconf 79' lang='lat' dir='ltr'>se</span> 
     </span>
     <span class='ocr_line' id='line_1_10' title="bbox 375 587 1011 626; baseline -0.005 -9"><span class='ocrx_word' id='word_1_112' title='bbox 375 598 437 617; x_wconf 82' lang='lat' dir='ltr'>esse</span> <span class='ocrx_word' id='word_1_113' title='bbox 460 589 612 626; x_wconf 78' lang='lat' dir='ltr'>promittit,</span> <span class='ocrx_word' id='word_1_114' title='bbox 631 588 656 615; x_wconf 85' lang='lat' dir='ltr'>si</span> <span class='ocrx_word' id='word_1_115' title='bbox 678 587 840 616; x_wconf 84' lang='lat' dir='ltr'>Reuchlino</span> <span class='ocrx_word' id='word_1_116' title='bbox 863 587 1011 624; x_wconf 77' lang='lat' dir='ltr'>placuerit.</span> 
     </span>
    </p>

    <p class='ocr_par' dir='ltr' id='par_1_5' title="bbox 338 628 2161 754">
     <span class='ocr_line' id='line_1_11' title="bbox 340 628 1185 670; baseline -0.005 -9"><span class='ocrx_word' id='word_1_117' title='bbox 340 632 453 661; x_wconf 89' lang='lat' dir='ltr'>Prodiit</span> <span class='ocrx_word' id='word_1_118' title='bbox 473 632 597 670; x_wconf 88' lang='lat' dir='ltr'>primum</span> <span class='ocrx_word' id='word_1_119' title='bbox 622 630 799 665; x_wconf 89' lang='lat' dir='ltr'>Dialectica,</span> <span class='ocrx_word' id='word_1_120' title='bbox 823 631 920 658; x_wconf 82' lang='lat' dir='ltr'>dicata</span> <span class='ocrx_word' id='word_1_121' title='bbox 942 628 1185 666; x_wconf 85' lang='lat' dir='ltr'>Schwertfegero.</span> 
     </span>
     <span class='ocr_line' id='line_1_12' title="bbox 338 671 2161 710; baseline -0.002 -7"><span class='ocrx_word' id='word_1_122' title='bbox 338 675 471 704; x_wconf 81' lang='lat' dir='ltr'>Exeunte</span> <span class='ocrx_word' id='word_1_123' title='bbox 495 675 600 702; x_wconf 84' lang='lat' dir='ltr'>Martio</span> <span class='ocrx_word' id='word_1_124' title='bbox 624 673 794 701; x_wconf 85' lang='lat' dir='ltr'>Melanthon</span> <span class='ocrx_word' id='word_1_125' title='bbox 817 673 1020 702; x_wconf 83' lang='lat' dir='ltr'>Mansfeldiam</span> <span class='ocrx_word' id='word_1_126' title='bbox 1044 672 1192 710; x_wconf 89' lang='lat' dir='ltr'>profectus</span> <span class='ocrx_word' id='word_1_127' title='bbox 1219 682 1282 701; x_wconf 83' lang='lat' dir='ltr'>esse</span> <span class='ocrx_word' id='word_1_128' title='bbox 1312 672 1442 708; x_wconf 87' lang='lat' dir='ltr'>videtur,</span> <span class='ocrx_word' id='word_1_129' title='bbox 1472 677 1503 700; x_wconf 91' lang='lat' dir='ltr'>ut</span> <span class='ocrx_word' id='word_1_130' title='bbox 1525 673 1683 701; x_wconf 88' lang='lat' dir='ltr'>Martinum</span> <span class='ocrx_word' id='word_1_131' title='bbox 1707 671 1945 710; x_wconf 85' lang='lat' dir='ltr'>Seligmannum,</span> <span class='ocrx_word' id='word_1_132' title='bbox 1976 672 2161 700; x_wconf 77' lang='lat' dir='ltr'>Heilbronna</span> 
     </span>
     <span class='ocr_line' id='line_1_13' title="bbox 375 713 2048 754; baseline -0.001 -8"><span class='ocrx_word' id='word_1_133' title='bbox 375 718 543 752; x_wconf 84' lang='lat' dir='ltr'>oriundum,</span> <span class='ocrx_word' id='word_1_134' title='bbox 569 717 687 746; x_wconf 59' lang='lat' dir='ltr'>fideret.</span> <span class='ocrx_word' id='word_1_135' title='bbox 733 716 811 744; x_wconf 87' lang='lat' dir='ltr'>Huic</span> <span class='ocrx_word' id='word_1_136' title='bbox 835 717 910 745; x_wconf 83' lang='lat' dir='ltr'>enim</span> <span class='ocrx_word' id='word_1_137' title='bbox 933 715 1080 744; x_wconf 87' lang='lat' dir='ltr'>Lutherus</span> <span class='ocrx_word' id='word_1_138' title='bbox 1104 716 1204 744; x_wconf 81' lang='lat' dir='ltr'>scribit</span> <span class='ocrx_word' id='word_1_139' title='bbox 1224 716 1251 744; x_wconf 83' lang='lat' dir='ltr'>d.</span> <span class='ocrx_word' id='word_1_140' title='bbox 1277 715 1325 744; x_wconf 71' lang='lat'>⁶25.</span> <span class='ocrx_word' id='word_1_141' title='bbox 1351 715 1451 745; x_wconf 88' lang='lat' dir='ltr'>Mart.:</span> <span class='ocrx_word' id='word_1_142' title='bbox 1476 713 1549 753; x_wconf 75' lang='lat' dir='ltr'>„Ex</span> <span class='ocrx_word' id='word_1_143' title='bbox 1572 715 1724 754; x_wconf 71' lang='lat' dir='ltr'>Philippo</span> <span class='ocrx_word' id='word_1_144' title='bbox 1748 716 1860 746; x_wconf 79' lang='lat' dir='ltr'>omnia</span> <span class='ocrx_word' id='word_1_145' title='bbox 1883 715 2048 754; x_wconf 53' lang='lat' dir='ltr'>accipiasss</span> 
     </span>
    </p>

    <p class='ocr_par' dir='ltr' id='par_1_6' title="bbox 150 757 1354 803">
     <span class='ocr_line' id='line_1_14' title="bbox 150 757 1354 803; baseline -0.005 -10"><span class='ocrx_word' id='word_1_146' title='bbox 150 763 241 803; x_wconf 85' lang='lat' dir='ltr'>April.</span> <span class='ocrx_word' id='word_1_147' title='bbox 269 765 315 792; x_wconf 83' lang='lat'>11.</span> <span class='ocrx_word' id='word_1_148' title='bbox 340 762 479 800; x_wconf 83' lang='lat' dir='ltr'>Explicat</span> <span class='ocrx_word' id='word_1_149' title='bbox 501 759 652 799; x_wconf 84' lang='lat' dir='ltr'>Spalatino</span> <span class='ocrx_word' id='word_1_150' title='bbox 676 760 798 788; x_wconf 88' lang='lat' dir='ltr'>dictum:</span> <span class='ocrx_word' id='word_1_151' title='bbox 820 760 888 788; x_wconf 73' lang='lat' dir='ltr'>sinc</span> <span class='ocrx_word' id='word_1_152' title='bbox 912 768 962 788; x_wconf 79' lang='lat' dir='ltr'>me</span> <span class='ocrx_word' id='word_1_153' title='bbox 984 757 1066 787; x_wconf 63' lang='lat' dir='ltr'>nihil</span> <span class='ocrx_word' id='word_1_154' title='bbox 1080 759 1216 796; x_wconf 72' lang='lat' dir='ltr'>potestis</span> <span class='ocrx_word' id='word_1_155' title='bbox 1231 757 1354 796; x_wconf 80' lang='lat' dir='ltr'>jacere.</span> 
     </span>
    </p>

    <p class='ocr_par' dir='ltr' id='par_1_7' title="bbox 266 802 2160 1014">
     <span class='ocr_line' id='line_1_15' title="bbox 266 802 2159 841; baseline -0.003 -7"><span class='ocrx_word' id='word_1_156' title='bbox 266 807 314 835; x_wconf 83' lang='lat'>17.</span> <span class='ocrx_word' id='word_1_157' title='bbox 338 806 479 834; x_wconf 83' lang='lat' dir='ltr'>Versatur</span> <span class='ocrx_word' id='word_1_158' title='bbox 500 805 530 832; x_wconf 90' lang='lat' dir='ltr'>in</span> <span class='ocrx_word' id='word_1_159' title='bbox 562 804 758 841; x_wconf 71' lang='lat' dir='ltr'>explicatione</span> <span class='ocrx_word' id='word_1_160' title='bbox 786 803 851 831; x_wconf 91' lang='lat' dir='ltr'>libri</span> <span class='ocrx_word' id='word_1_161' title='bbox 876 802 898 832; x_wconf 91' lang='lat' dir='ltr'>I.</span> <span class='ocrx_word' id='word_1_162' title='bbox 922 803 1021 831; x_wconf 88' lang='lat' dir='ltr'>Mosis.</span> <span class='ocrx_word' id='word_1_163' title='bbox 1066 802 1208 830; x_wconf 79' lang='lat' dir='ltr'>Matthaei</span> <span class='ocrx_word' id='word_1_164' title='bbox 1239 802 1396 839; x_wconf 79' lang='lat' dir='ltr'>explicatio</span> <span class='ocrx_word' id='word_1_165' title='bbox 1420 803 1547 830; x_wconf 87' lang='lat' dir='ltr'>nondum</span> <span class='ocrx_word' id='word_1_166' title='bbox 1577 807 1620 830; x_wconf 90' lang='lat' dir='ltr'>est</span> <span class='ocrx_word' id='word_1_167' title='bbox 1648 802 1790 830; x_wconf 85' lang='lat' dir='ltr'>absoluta.</span> <span class='ocrx_word' id='word_1_168' title='bbox 1814 819 1856 823; x_wconf 86' lang='lat'><strong>—</strong></span> <span class='ocrx_word' id='word_1_169' title='bbox 1879 802 2020 830; x_wconf 84' lang='lat' dir='ltr'>Versatur</span> <span class='ocrx_word' id='word_1_170' title='bbox 2047 802 2079 830; x_wconf 89' lang='lat' dir='ltr'>iu</span> <span class='ocrx_word' id='word_1_171' title='bbox 2109 811 2159 830; x_wconf 83' lang='lat' dir='ltr'>ex·</span> 
     </span>
     <span class='ocr_line' id='line_1_16' title="bbox 373 843 2160 886; baseline -0.002 -10"><span class='ocrx_word' id='word_1_172' title='bbox 373 848 507 886; x_wconf 86' lang='lat' dir='ltr'>plicanda</span> <span class='ocrx_word' id='word_1_173' title='bbox 536 847 658 884; x_wconf 85' lang='lat' dir='ltr'>epistola</span> <span class='ocrx_word' id='word_1_174' title='bbox 686 846 770 874; x_wconf 85' lang='lat' dir='ltr'>Pauli</span> <span class='ocrx_word' id='word_1_175' title='bbox 797 847 833 874; x_wconf 91' lang='lat' dir='ltr'>ad</span> <span class='ocrx_word' id='word_1_176' title='bbox 861 846 1032 880; x_wconf 83' lang='lat' dir='ltr'>Romanos,</span> <span class='ocrx_word' id='word_1_177' title='bbox 1062 845 1145 873; x_wconf 87' lang='lat' dir='ltr'>cuius</span> <span class='ocrx_word' id='word_1_178' title='bbox 1168 850 1280 873; x_wconf 82' lang='lat' dir='ltr'>textum</span> <span class='ocrx_word' id='word_1_179' title='bbox 1309 853 1447 880; x_wconf 83' lang='lat' dir='ltr'>graecum</span> <span class='ocrx_word' id='word_1_180' title='bbox 1476 845 1604 873; x_wconf 77' lang='lat' dir='ltr'>ediderat</span> <span class='ocrx_word' id='word_1_181' title='bbox 1627 845 1657 872; x_wconf 91' lang='lat' dir='ltr'>in</span> <span class='ocrx_word' id='word_1_182' title='bbox 1679 853 1763 872; x_wconf 86' lang='lat' dir='ltr'>usum</span> <span class='ocrx_word' id='word_1_183' title='bbox 1787 845 1960 880; x_wconf 89' lang='lat' dir='ltr'>auditorum,</span> <span class='ocrx_word' id='word_1_184' title='bbox 1984 845 2024 873; x_wconf 88' lang='lat'>10.</span> <span class='ocrx_word' id='word_1_185' title='bbox 2043 843 2160 882; x_wconf 84' lang='lat' dir='ltr'>Bugen-</span> 
     </span>
     <span class='ocr_line' id='line_1_17' title="bbox 376 887 2160 928; baseline -0.002 -9"><span class='ocrx_word' id='word_1_186' title='bbox 376 892 462 928; x_wconf 86' lang='lat' dir='ltr'>hagio</span> <span class='ocrx_word' id='word_1_187' title='bbox 485 891 667 928; x_wconf 86' lang='lat' dir='ltr'>inscriptum.</span> <span class='ocrx_word' id='word_1_188' title='bbox 713 890 759 918; x_wconf 89' lang='lat' dir='ltr'>De</span> <span class='ocrx_word' id='word_1_189' title='bbox 783 889 966 917; x_wconf 81' lang='lat' dir='ltr'>enarratione</span> <span class='ocrx_word' id='word_1_190' title='bbox 989 897 1042 916; x_wconf 86' lang='lat' dir='ltr'>sua</span> <span class='ocrx_word' id='word_1_191' title='bbox 1065 888 1178 916; x_wconf 83' lang='lat' dir='ltr'>scribit:</span> <span class='ocrx_word' id='word_1_192' title='bbox 1204 897 1281 924; x_wconf 83' lang='lat' dir='ltr'>„non</span> <span class='ocrx_word' id='word_1_193' title='bbox 1304 892 1336 916; x_wconf 89' lang='lat' dir='ltr'>ut</span> <span class='ocrx_word' id='word_1_194' title='bbox 1359 897 1530 925; x_wconf 83' lang='lat' dir='ltr'>coeperam,</span> <span class='ocrx_word' id='word_1_195' title='bbox 1561 888 1779 922; x_wconf 82' lang='lat' dir='ltr'>annotationes,</span> <span class='ocrx_word' id='word_1_196' title='bbox 1809 887 1861 916; x_wconf 88' lang='lat' dir='ltr'>sed</span> <span class='ocrx_word' id='word_1_197' title='bbox 1882 887 1962 915; x_wconf 89' lang='lat' dir='ltr'>locos</span> <span class='ocrx_word' id='word_1_198' title='bbox 1992 896 2160 916; x_wconf 85' lang='lat' dir='ltr'>communes</span> 
     </span>
     <span class='ocr_line' id='line_1_18' title="bbox 375 930 2158 972; baseline -0.003 -10"><span class='ocrx_word' id='word_1_199' title='bbox 375 935 535 972; x_wconf 87' lang='lat' dir='ltr'>scripturus</span> <span class='ocrx_word' id='word_1_200' title='bbox 558 942 623 961; x_wconf 84' lang='lat' dir='ltr'>sum</span> <span class='ocrx_word' id='word_1_201' title='bbox 648 934 684 960; x_wconf 81' lang='lat' dir='ltr'>de</span> <span class='ocrx_word' id='word_1_202' title='bbox 706 933 833 970; x_wconf 87' lang='lat' dir='ltr'>legibus,</span> <span class='ocrx_word' id='word_1_203' title='bbox 859 932 894 960; x_wconf 91' lang='lat' dir='ltr'>de</span> <span class='ocrx_word' id='word_1_204' title='bbox 918 937 1048 969; x_wconf 85' lang='lat' dir='ltr'>peccato,</span> <span class='ocrx_word' id='word_1_205' title='bbox 1072 932 1108 960; x_wconf 92' lang='lat' dir='ltr'>de</span> <span class='ocrx_word' id='word_1_206' title='bbox 1130 932 1239 969; x_wconf 86' lang='lat' dir='ltr'>gratia,</span> <span class='ocrx_word' id='word_1_207' title='bbox 1264 931 1299 959; x_wconf 89' lang='lat' dir='ltr'>de</span> <span class='ocrx_word' id='word_1_208' title='bbox 1319 931 1508 959; x_wconf 83' lang='lat' dir='ltr'>sacramentis</span> <span class='ocrx_word' id='word_1_209' title='bbox 1532 933 1605 959; x_wconf 85' lang='lat' dir='ltr'>etc.“</span> <span class='ocrx_word' id='word_1_210' title='bbox 1631 948 1672 952; x_wconf 90' lang='lat'><strong>—</strong></span> <span class='ocrx_word' id='word_1_211' title='bbox 1698 930 1869 967; x_wconf 82' lang='lat' dir='ltr'>„Martini</span> <span class='ocrx_word' id='word_1_212' title='bbox 1883 930 2048 959; x_wconf 86' lang='lat' dir='ltr'>-conciones</span> <span class='ocrx_word' id='word_1_213' title='bbox 2071 939 2158 958; x_wconf 87' lang='lat' dir='ltr'>cona-</span> 
     </span>
     <span class='ocr_line' id='line_1_19' title="bbox 374 975 1387 1014; baseline -0.003 -9"><span class='ocrx_word' id='word_1_214' title='bbox 374 978 427 1006; x_wconf 92' lang='lat' dir='ltr'>bor</span> <span class='ocrx_word' id='word_1_215' title='bbox 450 977 572 1014; x_wconf 83' lang='lat' dir='ltr'>singulis</span> <span class='ocrx_word' id='word_1_216' title='bbox 595 976 676 1004; x_wconf 85' lang='lat' dir='ltr'>festis</span> <span class='ocrx_word' id='word_1_217' title='bbox 699 976 790 1004; x_wconf 87' lang='lat' dir='ltr'>dictas</span> <span class='ocrx_word' id='word_1_218' title='bbox 813 975 955 1004; x_wconf 90' lang='lat' dir='ltr'>adornare</span> <span class='ocrx_word' id='word_1_219' title='bbox 979 975 1038 1010; x_wconf 88' lang='lat' dir='ltr'>sic,</span> <span class='ocrx_word' id='word_1_220' title='bbox 1061 980 1092 1002; x_wconf 88' lang='lat' dir='ltr'>ut</span> <span class='ocrx_word' id='word_1_221' title='bbox 1115 975 1221 1003; x_wconf 80' lang='lat' dir='ltr'>excudi</span> <span class='ocrx_word' id='word_1_222' title='bbox 1243 975 1387 1012; x_wconf 82' lang='lat' dir='ltr'>possint.“</span> 
     </span>
    </p>

    <p class='ocr_par' dir='ltr' id='par_1_8' title="bbox 340 1018 986 1057">
     <span class='ocr_line' id='line_1_20' title="bbox 340 1018 986 1057; baseline -0.005 -8"><span class='ocrx_word' id='word_1_223' title='bbox 340 1021 428 1049; x_wconf 84' lang='lat' dir='ltr'>Parat</span> <span class='ocrx_word' id='word_1_224' title='bbox 451 1021 606 1049; x_wconf 82' lang='lat' dir='ltr'>editionem</span> <span class='ocrx_word' id='word_1_225' title='bbox 626 1019 746 1047; x_wconf 88' lang='lat' dir='ltr'>nubium</span> <span class='ocrx_word' id='word_1_226' title='bbox 770 1018 986 1057; x_wconf 80' lang='lat' dir='ltr'>Aristophanis.</span> 
     </span>
    </p>
   </div>
   <div class='ocr_carea' id='block_1_3' title="bbox 151 1058 2163 1232">
    <p class='ocr_par' dir='ltr' id='par_1_9' title="bbox 151 1058 2163 1232">
     <span class='ocr_line' id='line_1_21' title="bbox 151 1058 2163 1100; baseline -0.003 -6"><span class='ocrx_word' id='word_1_227' title='bbox 151 1065 218 1095; x_wconf 81' lang='lat' dir='ltr'>Mai.</span> <span class='ocrx_word' id='word_1_228' title='bbox 338 1063 466 1093; x_wconf 88' lang='lat' dir='ltr'>Nomine</span> <span class='ocrx_word' id='word_1_229' title='bbox 490 1064 592 1092; x_wconf 86' lang='lat' dir='ltr'>Ioann.</span> <span class='ocrx_word' id='word_1_230' title='bbox 618 1062 798 1090; x_wconf 87' lang='lat' dir='ltr'>Feldkirchii</span> <span class='ocrx_word' id='word_1_231' title='bbox 818 1062 973 1100; x_wconf 81' lang='lat' dir='ltr'>respondet</span> <span class='ocrx_word' id='word_1_232' title='bbox 995 1061 1160 1098; x_wconf 86' lang='lat' dir='ltr'>Augustino</span> <span class='ocrx_word' id='word_1_233' title='bbox 1186 1060 1338 1095; x_wconf 80' lang='lat' dir='ltr'>Alveldio,</span> <span class='ocrx_word' id='word_1_234' title='bbox 1362 1060 1577 1095; x_wconf 71' lang='lat' dir='ltr'>Framiscano,</span> <span class='ocrx_word' id='word_1_235' title='bbox 1607 1059 1657 1097; x_wconf 89' lang='lat' dir='ltr'>qui</span> <span class='ocrx_word' id='word_1_236' title='bbox 1681 1068 1825 1088; x_wconf 89' lang='lat' dir='ltr'>summam</span> <span class='ocrx_word' id='word_1_237' title='bbox 1851 1058 1978 1088; x_wconf 86' lang='lat' dir='ltr'>Romani</span> <span class='ocrx_word' id='word_1_238' title='bbox 2008 1058 2163 1087; x_wconf 83' lang='lat' dir='ltr'>Pontificis</span> 
     </span>
     <span class='ocr_line' id='line_1_22' title="bbox 373 1106 774 1136; baseline -0.005 0"><span class='ocrx_word' id='word_1_239' title='bbox 373 1108 573 1136; x_wconf 86' lang='lat' dir='ltr'>auctoritatem</span> <span class='ocrx_word' id='word_1_240' title='bbox 595 1106 774 1134; x_wconf 73' lang='lat' dir='ltr'>defenderat.</span> 
     </span>
     <span class='ocr_line' id='line_1_23' title="bbox 151 1145 2163 1188; baseline -0.004 -7"><span class='ocrx_word' id='word_1_241' title='bbox 151 1151 214 1181; x_wconf 86' lang='lat' dir='ltr'>Iun.</span> <span class='ocrx_word' id='word_1_242' title='bbox 291 1152 318 1180; x_wconf 79' lang='lat'>2.</span> <span class='ocrx_word' id='word_1_243' title='bbox 342 1151 411 1179; x_wconf 87' lang='lat' dir='ltr'>Edit</span> <span class='ocrx_word' id='word_1_244' title='bbox 433 1150 596 1188; x_wconf 85' lang='lat' dir='ltr'>Epistolam</span> <span class='ocrx_word' id='word_1_245' title='bbox 620 1149 656 1177; x_wconf 84' lang='lat' dir='ltr'>ad</span> <span class='ocrx_word' id='word_1_246' title='bbox 680 1149 856 1177; x_wconf 87' lang='lat' dir='ltr'>Monachum</span> <span class='ocrx_word' id='word_1_247' title='bbox 879 1146 1105 1176; x_wconf 86' lang='lat' dir='ltr'>Carthusianum</span> <span class='ocrx_word' id='word_1_248' title='bbox 1128 1148 1164 1175; x_wconf 85' lang='lat' dir='ltr'>de</span> <span class='ocrx_word' id='word_1_249' title='bbox 1193 1148 1268 1175; x_wconf 86' lang='lat' dir='ltr'>votis</span> <span class='ocrx_word' id='word_1_250' title='bbox 1291 1146 1519 1181; x_wconf 81' lang='lat' dir='ltr'>Monachorum,</span> <span class='ocrx_word' id='word_1_251' title='bbox 1551 1145 1684 1174; x_wconf 88' lang='lat' dir='ltr'>videlicet</span> <span class='ocrx_word' id='word_1_252' title='bbox 1707 1145 1743 1173; x_wconf 90' lang='lat' dir='ltr'>de</span> <span class='ocrx_word' id='word_1_253' title='bbox 1766 1145 1917 1181; x_wconf 86' lang='lat' dir='ltr'>castitate,</span> <span class='ocrx_word' id='word_1_254' title='bbox 1946 1145 2114 1174; x_wconf 81' lang='lat' dir='ltr'>obedientia</span> <span class='ocrx_word' id='word_1_255' title='bbox 2134 1147 2163 1173; x_wconf 77' lang='lat' dir='ltr'>et</span> 
     </span>
     <span class='ocr_line' id='line_1_24' title="bbox 298 1182 1932 1232; baseline -0.004 -10"><span class='ocrx_word' id='word_1_256' title='bbox 298 1205 300 1207; x_wconf 62' lang='grc'><strong><em>’</em></strong></span> <span class='ocrx_word' id='word_1_257' title='bbox 375 1197 554 1232; x_wconf 87' lang='lat' dir='ltr'>paupertate.</span> <span class='ocrx_word' id='word_1_258' title='bbox 1908 1182 1932 1198; x_wconf 42' lang='grc' dir='ltr'>ζ’</span> 
     </span>
    </p>
   </div>
   <div class='ocr_carea' id='block_1_4' title="bbox 154 1229 2169 2653">
    <p class='ocr_par' dir='ltr' id='par_1_10' title="bbox 274 1229 2163 1359">
     <span class='ocr_line' id='line_1_25' title="bbox 274 1229 2163 1272; baseline -0.005 -6"><span class='ocrx_word' id='word_1_259' title='bbox 274 1239 321 1267; x_wconf 83' lang='lat'>13.</span> <span class='ocrx_word' id='word_1_260' title='bbox 343 1236 472 1265; x_wconf 87' lang='lat' dir='ltr'>Plinium</span> <span class='ocrx_word' id='word_1_261' title='bbox 496 1246 532 1264; x_wconf 83' lang='lat' dir='ltr'>ex</span> <span class='ocrx_word' id='word_1_262' title='bbox 555 1236 693 1264; x_wconf 85' lang='lat' dir='ltr'>mandato</span> <span class='ocrx_word' id='word_1_263' title='bbox 716 1234 862 1272; x_wconf 82' lang='lat' dir='ltr'>Principis</span> <span class='ocrx_word' id='word_1_264' title='bbox 884 1234 1028 1262; x_wconf 80' lang='lat' dir='ltr'>Electoris</span> <span class='ocrx_word' id='word_1_265' title='bbox 1052 1239 1176 1261; x_wconf 81' lang='lat' dir='ltr'>enarrat.</span> <span class='ocrx_word' id='word_1_266' title='bbox 1223 1232 1289 1268; x_wconf 82' lang='lat' dir='ltr'>Qua</span> <span class='ocrx_word' id='word_1_267' title='bbox 1312 1233 1348 1260; x_wconf 84' lang='lat' dir='ltr'>de</span> <span class='ocrx_word' id='word_1_268' title='bbox 1369 1241 1400 1260; x_wconf 86' lang='lat' dir='ltr'>re</span> <span class='ocrx_word' id='word_1_269' title='bbox 1429 1231 1575 1260; x_wconf 89' lang='lat' dir='ltr'>Lutherus</span> <span class='ocrx_word' id='word_1_270' title='bbox 1599 1232 1636 1259; x_wconf 88' lang='lat' dir='ltr'>ad</span> <span class='ocrx_word' id='word_1_271' title='bbox 1655 1230 1839 1268; x_wconf 84' lang='lat' dir='ltr'>Spalatinum</span> <span class='ocrx_word' id='word_1_272' title='bbox 1862 1231 1889 1258; x_wconf 90' lang='lat' dir='ltr'>d.</span> <span class='ocrx_word' id='word_1_273' title='bbox 1917 1231 1961 1258; x_wconf 86' lang='lat'>13.</span> <span class='ocrx_word' id='word_1_274' title='bbox 1986 1231 2066 1259; x_wconf 85' lang='lat' dir='ltr'>Iun.:</span> <span class='ocrx_word' id='word_1_275' title='bbox 2097 1229 2163 1267; x_wconf 84' lang='lat' dir='ltr'>„De</span> 
     </span>
     <span class='ocr_line' id='line_1_26' title="bbox 375 1273 2162 1318; baseline -0.004 -10"><span class='ocrx_word' id='word_1_276' title='bbox 375 1280 514 1318; x_wconf 90' lang='lat' dir='ltr'>Philippo</span> <span class='ocrx_word' id='word_1_277' title='bbox 536 1283 636 1307; x_wconf 89' lang='lat' dir='ltr'>nostro</span> <span class='ocrx_word' id='word_1_278' title='bbox 664 1288 719 1307; x_wconf 89' lang='lat' dir='ltr'>nec</span> <span class='ocrx_word' id='word_1_279' title='bbox 737 1278 800 1315; x_wconf 86' lang='lat' dir='ltr'>ipse</span> <span class='ocrx_word' id='word_1_280' title='bbox 823 1282 935 1310; x_wconf 82' lang='lat' dir='ltr'>statuo,</span> <span class='ocrx_word' id='word_1_281' title='bbox 964 1277 1043 1314; x_wconf 88' lang='lat' dir='ltr'>quod</span> <span class='ocrx_word' id='word_1_282' title='bbox 1065 1277 1101 1304; x_wconf 85' lang='lat' dir='ltr'>ad</span> <span class='ocrx_word' id='word_1_283' title='bbox 1124 1276 1252 1304; x_wconf 85' lang='lat' dir='ltr'>Plinium</span> <span class='ocrx_word' id='word_1_284' title='bbox 1279 1275 1418 1312; x_wconf 86' lang='lat' dir='ltr'>pertinet:</span> <span class='ocrx_word' id='word_1_285' title='bbox 1445 1274 1569 1302; x_wconf 88' lang='lat' dir='ltr'>Paulum</span> <span class='ocrx_word' id='word_1_286' title='bbox 1597 1275 1634 1302; x_wconf 89' lang='lat' dir='ltr'>ad</span> <span class='ocrx_word' id='word_1_287' title='bbox 1662 1274 1814 1302; x_wconf 83' lang='lat' dir='ltr'>Romanos</span> <span class='ocrx_word' id='word_1_288' title='bbox 1836 1273 1907 1311; x_wconf 87' lang='lat' dir='ltr'>legit</span> <span class='ocrx_word' id='word_1_289' title='bbox 1935 1274 2022 1311; x_wconf 89' lang='lat' dir='ltr'>longe</span> <span class='ocrx_word' id='word_1_290' title='bbox 2050 1273 2162 1302; x_wconf 85' lang='lat' dir='ltr'>maiore</span> 
     </span>
     <span class='ocr_line' id='line_1_27' title="bbox 376 1316 1418 1359; baseline -0.007 -8"><span class='ocrx_word' id='word_1_291' title='bbox 376 1323 509 1356; x_wconf 85' lang='lat' dir='ltr'>utilitate,</span> <span class='ocrx_word' id='word_1_292' title='bbox 533 1331 620 1359; x_wconf 89' lang='lat' dir='ltr'>quam</span> <span class='ocrx_word' id='word_1_293' title='bbox 641 1321 731 1349; x_wconf 87' lang='lat' dir='ltr'>Plinii</span> <span class='ocrx_word' id='word_1_294' title='bbox 754 1321 837 1348; x_wconf 89' lang='lat' dir='ltr'>multi</span> <span class='ocrx_word' id='word_1_295' title='bbox 859 1320 1001 1347; x_wconf 81' lang='lat' dir='ltr'>valeant.“</span> <span class='ocrx_word' id='word_1_296' title='bbox 1411 1316 1418 1320; x_wconf 65' lang='lat'><strong>⁴</strong></span> 
     </span>
    </p>

    <p class='ocr_par' dir='ltr' id='par_1_11' title="bbox 269 1358 2164 1618">
     <span class='ocr_line' id='line_1_28' title="bbox 269 1358 2164 1404; baseline -0.005 -9"><span class='ocrx_word' id='word_1_297' title='bbox 269 1366 318 1395; x_wconf 79' lang='lat'>25.</span> <span class='ocrx_word' id='word_1_298' title='bbox 343 1366 440 1404; x_wconf 83' lang='lat' dir='ltr'>Rogat</span> <span class='ocrx_word' id='word_1_299' title='bbox 462 1364 646 1403; x_wconf 86' lang='lat' dir='ltr'>Spalatinum</span> <span class='ocrx_word' id='word_1_300' title='bbox 669 1370 699 1392; x_wconf 90' lang='lat' dir='ltr'>ut</span> <span class='ocrx_word' id='word_1_301' title='bbox 722 1364 860 1392; x_wconf 85' lang='lat' dir='ltr'>liberetur</span> <span class='ocrx_word' id='word_1_302' title='bbox 883 1373 900 1390; x_wconf 85' lang='lat' dir='ltr'>a</span> <span class='ocrx_word' id='word_1_303' title='bbox 922 1361 1011 1391; x_wconf 88' lang='lat' dir='ltr'>Plinii</span> <span class='ocrx_word' id='word_1_304' title='bbox 1035 1363 1230 1390; x_wconf 87' lang='lat' dir='ltr'>enarratione.</span> <span class='ocrx_word' id='word_1_305' title='bbox 1276 1361 1357 1389; x_wconf 89' lang='lat' dir='ltr'>Idem</span> <span class='ocrx_word' id='word_1_306' title='bbox 1380 1361 1452 1398; x_wconf 84' lang='lat' dir='ltr'>petit</span> <span class='ocrx_word' id='word_1_307' title='bbox 1475 1370 1492 1388; x_wconf 89' lang='lat' dir='ltr'>a</span> <span class='ocrx_word' id='word_1_308' title='bbox 1515 1359 1669 1398; x_wconf 85' lang='lat' dir='ltr'>Spalatino</span> <span class='ocrx_word' id='word_1_309' title='bbox 1692 1359 1795 1388; x_wconf 89' lang='lat' dir='ltr'>eodem</span> <span class='ocrx_word' id='word_1_310' title='bbox 1817 1359 1864 1387; x_wconf 75' lang='lat' dir='ltr'>die</span> <span class='ocrx_word' id='word_1_311' title='bbox 1886 1358 2042 1394; x_wconf 83' lang='lat' dir='ltr'>Lutherus,</span> <span class='ocrx_word' id='word_1_312' title='bbox 2064 1358 2164 1387; x_wconf 79' lang='lat' dir='ltr'>simul-</span> 
     </span>
     <span class='ocr_line' id='line_1_29' title="bbox 375 1400 2164 1448; baseline -0.004 -10"><span class='ocrx_word' id='word_1_313' title='bbox 375 1419 431 1448; x_wconf 87' lang='lat' dir='ltr'>que</span> <span class='ocrx_word' id='word_1_314' title='bbox 453 1409 569 1437; x_wconf 84' lang='lat' dir='ltr'>scribit:</span> <span class='ocrx_word' id='word_1_315' title='bbox 595 1407 660 1444; x_wconf 89' lang='lat' dir='ltr'>„De</span> <span class='ocrx_word' id='word_1_316' title='bbox 683 1417 776 1436; x_wconf 84' lang='lat' dir='ltr'>uxore</span> <span class='ocrx_word' id='word_1_317' title='bbox 797 1406 944 1441; x_wconf 81' lang='lat' dir='ltr'>ducenda,</span> <span class='ocrx_word' id='word_1_318' title='bbox 972 1406 1100 1434; x_wconf 81' lang='lat' dir='ltr'>maxime</span> <span class='ocrx_word' id='word_1_319' title='bbox 1128 1415 1216 1443; x_wconf 89' lang='lat' dir='ltr'>quam</span> <span class='ocrx_word' id='word_1_320' title='bbox 1239 1408 1271 1433; x_wconf 87' lang='lat' dir='ltr'>tu</span> <span class='ocrx_word' id='word_1_321' title='bbox 1298 1404 1451 1439; x_wconf 81' lang='lat' dir='ltr'>nominas,</span> <span class='ocrx_word' id='word_1_322' title='bbox 1479 1403 1580 1432; x_wconf 87' lang='lat' dir='ltr'>nescio</span> <span class='ocrx_word' id='word_1_323' title='bbox 1607 1403 1677 1441; x_wconf 90' lang='lat' dir='ltr'>quid</span> <span class='ocrx_word' id='word_1_324' title='bbox 1700 1402 1830 1430; x_wconf 84' lang='lat' dir='ltr'>futurum</span> <span class='ocrx_word' id='word_1_325' title='bbox 1854 1402 1901 1431; x_wconf 89' lang='lat' dir='ltr'>sit.</span> <span class='ocrx_word' id='word_1_326' title='bbox 1947 1400 2025 1439; x_wconf 89' lang='lat' dir='ltr'>Opto</span> <span class='ocrx_word' id='word_1_327' title='bbox 2052 1401 2164 1431; x_wconf 85' lang='lat' dir='ltr'>homini</span> 
     </span>
     <span class='ocr_line' id='line_1_30' title="bbox 374 1445 2164 1490; baseline -0.004 -9"><span class='ocrx_word' id='word_1_328' title='bbox 374 1452 541 1490; x_wconf 85' lang='lat' dir='ltr'>(Philippo)</span> <span class='ocrx_word' id='word_1_329' title='bbox 563 1461 694 1486; x_wconf 80' lang='lat' dir='ltr'>uxorem,</span> <span class='ocrx_word' id='word_1_330' title='bbox 718 1451 769 1479; x_wconf 90' lang='lat' dir='ltr'>sed</span> <span class='ocrx_word' id='word_1_331' title='bbox 788 1459 944 1488; x_wconf 86' lang='lat' dir='ltr'>quamnam</span> <span class='ocrx_word' id='word_1_332' title='bbox 968 1449 1093 1486; x_wconf 85' lang='lat' dir='ltr'>accipiat</span> <span class='ocrx_word' id='word_1_333' title='bbox 1117 1457 1171 1477; x_wconf 91' lang='lat' dir='ltr'>nec</span> <span class='ocrx_word' id='word_1_334' title='bbox 1193 1452 1312 1483; x_wconf 90' lang='lat' dir='ltr'>auctor,</span> <span class='ocrx_word' id='word_1_335' title='bbox 1339 1457 1394 1476; x_wconf 89' lang='lat' dir='ltr'>nec</span> <span class='ocrx_word' id='word_1_336' title='bbox 1423 1447 1525 1476; x_wconf 91' lang='lat' dir='ltr'>consul</span> <span class='ocrx_word' id='word_1_337' title='bbox 1555 1455 1619 1475; x_wconf 85' lang='lat' dir='ltr'>esse</span> <span class='ocrx_word' id='word_1_338' title='bbox 1646 1446 1730 1474; x_wconf 87' lang='lat' dir='ltr'>volo:</span> <span class='ocrx_word' id='word_1_339' title='bbox 1759 1455 1814 1474; x_wconf 91' lang='lat' dir='ltr'>nec</span> <span class='ocrx_word' id='word_1_340' title='bbox 1843 1445 1929 1474; x_wconf 83' lang='lat' dir='ltr'>video</span> <span class='ocrx_word' id='word_1_341' title='bbox 1956 1445 2104 1474; x_wconf 82' lang='lat' dir='ltr'>hominem</span> <span class='ocrx_word' id='word_1_342' title='bbox 2132 1445 2164 1474; x_wconf 85' lang='lat' dir='ltr'>in</span> 
     </span>
     <span class='ocr_line' id='line_1_31' title="bbox 374 1488 2162 1530; baseline -0.005 -6"><span class='ocrx_word' id='word_1_343' title='bbox 374 1506 436 1524; x_wconf 89' lang='lat' dir='ltr'>rem</span> <span class='ocrx_word' id='word_1_344' title='bbox 460 1495 594 1524; x_wconf 83' lang='lat' dir='ltr'>uxoriam</span> <span class='ocrx_word' id='word_1_345' title='bbox 617 1494 763 1523; x_wconf 81' lang='lat' dir='ltr'>festinare.</span> <span class='ocrx_word' id='word_1_346' title='bbox 809 1493 985 1530; x_wconf 84' lang='lat' dir='ltr'>Quanquam</span> <span class='ocrx_word' id='word_1_347' title='bbox 1007 1501 1092 1530; x_wconf 87' lang='lat' dir='ltr'>spero</span> <span class='ocrx_word' id='word_1_348' title='bbox 1115 1491 1285 1530; x_wconf 86' lang='lat' dir='ltr'>Philippum</span> <span class='ocrx_word' id='word_1_349' title='bbox 1309 1491 1346 1519; x_wconf 89' lang='lat' dir='ltr'>ad</span> <span class='ocrx_word' id='word_1_350' title='bbox 1368 1491 1502 1519; x_wconf 84' lang='lat' dir='ltr'>Bavaros</span> <span class='ocrx_word' id='word_1_351' title='bbox 1522 1490 1553 1527; x_wconf 90' lang='lat' dir='ltr'>[i.</span> <span class='ocrx_word' id='word_1_352' title='bbox 1579 1501 1601 1518; x_wconf 86' lang='lat' dir='ltr'>e.</span> <span class='ocrx_word' id='word_1_353' title='bbox 1623 1488 1848 1527; x_wconf 86' lang='lat' dir='ltr'>Ingolstadiam,</span> <span class='ocrx_word' id='word_1_354' title='bbox 1874 1489 1924 1517; x_wconf 90' lang='lat' dir='ltr'>ubi</span> <span class='ocrx_word' id='word_1_355' title='bbox 1941 1489 2000 1516; x_wconf 87' lang='lat' dir='ltr'>iam</span> <span class='ocrx_word' id='word_1_356' title='bbox 2022 1488 2162 1516; x_wconf 83' lang='lat' dir='ltr'>Reuchli·</span> 
     </span>
     <span class='ocr_line' id='line_1_32' title="bbox 375 1532 2163 1576; baseline -0.004 -9"><span class='ocrx_word' id='word_1_357' title='bbox 375 1548 430 1567; x_wconf 90' lang='lat' dir='ltr'>nus</span> <span class='ocrx_word' id='word_1_358' title='bbox 451 1540 524 1576; x_wconf 69' lang='lat' dir='ltr'>erat}</span> <span class='ocrx_word' id='word_1_359' title='bbox 548 1548 607 1566; x_wconf 92' lang='lat' dir='ltr'>non</span> <span class='ocrx_word' id='word_1_360' title='bbox 631 1538 771 1575; x_wconf 84' lang='lat' dir='ltr'>aspirare,</span> <span class='ocrx_word' id='word_1_361' title='bbox 793 1537 822 1565; x_wconf 83' lang='lat' dir='ltr'>id</span> <span class='ocrx_word' id='word_1_362' title='bbox 846 1541 943 1564; x_wconf 87' lang='lat' dir='ltr'>tamen</span> <span class='ocrx_word' id='word_1_363' title='bbox 967 1541 1026 1571; x_wconf 87' lang='lat' dir='ltr'>est,</span> <span class='ocrx_word' id='word_1_364' title='bbox 1050 1535 1128 1573; x_wconf 89' lang='lat' dir='ltr'>quod</span> <span class='ocrx_word' id='word_1_365' title='bbox 1151 1545 1265 1572; x_wconf 88' lang='lat' dir='ltr'>semper</span> <span class='ocrx_word' id='word_1_366' title='bbox 1288 1534 1406 1573; x_wconf 86' lang='lat' dir='ltr'>optavi,</span> <span class='ocrx_word' id='word_1_367' title='bbox 1429 1538 1460 1561; x_wconf 86' lang='lat' dir='ltr'>ut</span> <span class='ocrx_word' id='word_1_368' title='bbox 1483 1533 1650 1562; x_wconf 85' lang='lat' dir='ltr'>honestiore</span> <span class='ocrx_word' id='word_1_369' title='bbox 1674 1533 1878 1570; x_wconf 87' lang='lat' dir='ltr'>magnificatus</span> <span class='ocrx_word' id='word_1_370' title='bbox 1908 1532 2053 1568; x_wconf 83' lang='lat' dir='ltr'>stipendio</span> <span class='ocrx_word' id='word_1_371' title='bbox 2081 1540 2163 1568; x_wconf 80' lang='lat' dir='ltr'>spem</span> 
     </span>
     <span class='ocr_line' id='line_1_33' title="bbox 376 1575 2020 1618; baseline -0.005 -8"><span class='ocrx_word' id='word_1_372' title='bbox 376 1582 433 1611; x_wconf 86' lang='lat' dir='ltr'>illis</span> <span class='ocrx_word' id='word_1_373' title='bbox 457 1582 612 1616; x_wconf 84' lang='lat' dir='ltr'>adimeret,</span> <span class='ocrx_word' id='word_1_374' title='bbox 636 1590 722 1618; x_wconf 86' lang='lat' dir='ltr'>quam</span> <span class='ocrx_word' id='word_1_375' title='bbox 746 1580 924 1618; x_wconf 88' lang='lat' dir='ltr'>concipiunt,</span> <span class='ocrx_word' id='word_1_376' title='bbox 949 1579 1027 1616; x_wconf 89' lang='lat' dir='ltr'>quod</span> <span class='ocrx_word' id='word_1_377' title='bbox 1048 1579 1134 1607; x_wconf 87' lang='lat' dir='ltr'>vilius</span> <span class='ocrx_word' id='word_1_378' title='bbox 1158 1588 1223 1606; x_wconf 89' lang='lat' dir='ltr'>eum</span> <span class='ocrx_word' id='word_1_379' title='bbox 1245 1578 1346 1606; x_wconf 88' lang='lat' dir='ltr'>haberi</span> <span class='ocrx_word' id='word_1_380' title='bbox 1369 1577 1473 1612; x_wconf 89' lang='lat' dir='ltr'>sciunt,</span> <span class='ocrx_word' id='word_1_381' title='bbox 1498 1586 1585 1614; x_wconf 89' lang='lat' dir='ltr'>quam</span> <span class='ocrx_word' id='word_1_382' title='bbox 1608 1576 1685 1614; x_wconf 86' lang='lat' dir='ltr'>apud</span> <span class='ocrx_word' id='word_1_383' title='bbox 1710 1584 1759 1603; x_wconf 86' lang='lat' dir='ltr'>eos</span> <span class='ocrx_word' id='word_1_384' title='bbox 1781 1575 1896 1603; x_wconf 85' lang='lat' dir='ltr'>futurus</span> <span class='ocrx_word' id='word_1_385' title='bbox 1915 1576 2020 1603; x_wconf 82' lang='lat' dir='ltr'>esset.“</span> 
     </span>
    </p>

    <p class='ocr_par' dir='ltr' id='par_1_12' title="bbox 154 1622 1250 1664">
     <span class='ocr_line' id='line_1_34' title="bbox 154 1622 1250 1664; baseline -0.006 -8"><span class='ocrx_word' id='word_1_386' title='bbox 154 1627 207 1656; x_wconf 78' lang='lat' dir='ltr'>Iul.</span> <span class='ocrx_word' id='word_1_387' title='bbox 346 1627 416 1664; x_wconf 86' lang='lat' dir='ltr'>Agit</span> <span class='ocrx_word' id='word_1_388' title='bbox 439 1635 503 1654; x_wconf 87' lang='lat' dir='ltr'>cum</span> <span class='ocrx_word' id='word_1_389' title='bbox 527 1624 679 1662; x_wconf 85' lang='lat' dir='ltr'>Spalatino</span> <span class='ocrx_word' id='word_1_390' title='bbox 698 1624 733 1652; x_wconf 87' lang='lat' dir='ltr'>de</span> <span class='ocrx_word' id='word_1_391' title='bbox 756 1623 919 1652; x_wconf 77' lang='lat' dir='ltr'>Academia</span> <span class='ocrx_word' id='word_1_392' title='bbox 937 1623 1041 1651; x_wconf 88' lang='lat' dir='ltr'>melius</span> <span class='ocrx_word' id='word_1_393' title='bbox 1061 1622 1250 1650; x_wconf 86' lang='lat' dir='ltr'>instituenda.</span> 
     </span>
    </p>

    <p class='ocr_par' dir='ltr' id='par_1_13' title="bbox 272 1659 2165 1784">
     <span class='ocr_line' id='line_1_35' title="bbox 272 1659 2165 1706; baseline -0.005 -8"><span class='ocrx_word' id='word_1_394' title='bbox 272 1669 320 1698; x_wconf 81' lang='lat'>22.</span> <span class='ocrx_word' id='word_1_395' title='bbox 345 1668 490 1698; x_wconf 87' lang='lat' dir='ltr'>Lutherus</span> <span class='ocrx_word' id='word_1_396' title='bbox 511 1668 548 1696; x_wconf 90' lang='lat' dir='ltr'>ad</span> <span class='ocrx_word' id='word_1_397' title='bbox 577 1666 778 1706; x_wconf 78' lang='lat' dir='ltr'>Spalatinum:</span> <span class='ocrx_word' id='word_1_398' title='bbox 811 1666 1096 1703; x_wconf 83' lang='lat' dir='ltr'>„Wittenbergensis</span> <span class='ocrx_word' id='word_1_399' title='bbox 1125 1665 1265 1703; x_wconf 83' lang='lat' dir='ltr'>Magister</span> <span class='ocrx_word' id='word_1_400' title='bbox 1287 1664 1433 1693; x_wconf 87' lang='lat' dir='ltr'>Eislebius</span> <span class='ocrx_word' id='word_1_401' title='bbox 1456 1672 1578 1691; x_wconf 81' lang='lat' dir='ltr'>uxorem</span> <span class='ocrx_word' id='word_1_402' title='bbox 1602 1661 1743 1697; x_wconf 90' lang='lat' dir='ltr'>ducturit,</span> <span class='ocrx_word' id='word_1_403' title='bbox 1766 1666 1797 1690; x_wconf 88' lang='lat' dir='ltr'>ut</span> <span class='ocrx_word' id='word_1_404' title='bbox 1819 1660 1899 1689; x_wconf 83' lang='lat' dir='ltr'>fama</span> <span class='ocrx_word' id='word_1_405' title='bbox 1922 1664 1977 1688; x_wconf 87' lang='lat' dir='ltr'>est:</span> <span class='ocrx_word' id='word_1_406' title='bbox 2008 1659 2165 1698; x_wconf 74' lang='lat' dir='ltr'>Philippus</span> 
     </span>
     <span class='ocr_line' id='line_1_36' title="bbox 376 1703 2165 1749; baseline -0.005 -9"><span class='ocrx_word' id='word_1_407' title='bbox 376 1713 492 1747; x_wconf 84' lang='lat' dir='ltr'>nescio,</span> <span class='ocrx_word' id='word_1_408' title='bbox 517 1711 588 1749; x_wconf 89' lang='lat' dir='ltr'>quid</span> <span class='ocrx_word' id='word_1_409' title='bbox 610 1711 735 1739; x_wconf 63' lang='lat' dir='ltr'>famatus</span> <span class='ocrx_word' id='word_1_410' title='bbox 753 1710 888 1739; x_wconf 84' lang='lat' dir='ltr'>facturus.</span> <span class='ocrx_word' id='word_1_411' title='bbox 932 1709 1046 1738; x_wconf 92' lang='lat' dir='ltr'>Vellem</span> <span class='ocrx_word' id='word_1_412' title='bbox 1068 1709 1180 1737; x_wconf 84' lang='lat' dir='ltr'>homini</span> <span class='ocrx_word' id='word_1_413' title='bbox 1202 1708 1378 1746; x_wconf 87' lang='lat' dir='ltr'>stipendium</span> <span class='ocrx_word' id='word_1_414' title='bbox 1399 1710 1530 1741; x_wconf 76' lang='lat' dir='ltr'>auctum,</span> <span class='ocrx_word' id='word_1_415' title='bbox 1560 1715 1597 1733; x_wconf 83' lang='lat' dir='ltr'>ne</span> <span class='ocrx_word' id='word_1_416' title='bbox 1619 1705 1657 1733; x_wconf 82' lang='lat' dir='ltr'>sit</span> <span class='ocrx_word' id='word_1_417' title='bbox 1681 1713 1802 1733; x_wconf 88' lang='lat' dir='ltr'>necesse</span> <span class='ocrx_word' id='word_1_418' title='bbox 1832 1714 1897 1732; x_wconf 88' lang='lat' dir='ltr'>eum</span> <span class='ocrx_word' id='word_1_419' title='bbox 1919 1703 1978 1731; x_wconf 87' lang='lat' dir='ltr'>alia</span> <span class='ocrx_word' id='word_1_420' title='bbox 2005 1703 2088 1740; x_wconf 86' lang='lat' dir='ltr'>sequi</span> <span class='ocrx_word' id='word_1_421' title='bbox 2110 1712 2165 1741; x_wconf 92' lang='lat' dir='ltr'>pro</span> 
     </span>
     <span class='ocr_line' id='line_1_37' title="bbox 376 1755 595 1784; baseline -0.005 0"><span class='ocrx_word' id='word_1_422' title='bbox 376 1765 407 1784; x_wconf 87' lang='lat' dir='ltr'>re</span> <span class='ocrx_word' id='word_1_423' title='bbox 430 1755 595 1783; x_wconf 84' lang='lat' dir='ltr'>familiari.“</span> 
     </span>
    </p>

    <p class='ocr_par' dir='ltr' id='par_1_14' title="bbox 155 1789 2165 1876">
     <span class='ocr_line' id='line_1_38' title="bbox 155 1789 2165 1838; baseline -0.006 -10"><span class='ocrx_word' id='word_1_424' title='bbox 155 1801 230 1838; x_wconf 76' lang='lat' dir='ltr'>Aug.</span> <span class='ocrx_word' id='word_1_425' title='bbox 298 1802 320 1827; x_wconf 84' lang='lat' dir='ltr'>l.</span> <span class='ocrx_word' id='word_1_426' title='bbox 344 1799 531 1828; x_wconf 89' lang='lat' dir='ltr'>Dominicum</span> <span class='ocrx_word' id='word_1_427' title='bbox 554 1797 785 1835; x_wconf 87' lang='lat' dir='ltr'>Schleupnerum</span> <span class='ocrx_word' id='word_1_428' title='bbox 814 1796 995 1824; x_wconf 86' lang='lat' dir='ltr'>commendat</span> <span class='ocrx_word' id='word_1_429' title='bbox 1024 1796 1171 1832; x_wconf 86' lang='lat' dir='ltr'>Episcopo</span> <span class='ocrx_word' id='word_1_430' title='bbox 1199 1793 1431 1822; x_wconf 70' lang='lat' dir='ltr'>Vratislau&#39;ensi.</span> <span class='ocrx_word' id='word_1_431' title='bbox 1456 1809 1498 1813; x_wconf 87' lang='lat'><strong>—</strong></span> <span class='ocrx_word' id='word_1_432' title='bbox 1521 1792 1618 1820; x_wconf 87' lang='lat' dir='ltr'>Hesso</span> <span class='ocrx_word' id='word_1_433' title='bbox 1649 1791 1764 1819; x_wconf 83' lang='lat' dir='ltr'>scribit:</span> <span class='ocrx_word' id='word_1_434' title='bbox 1790 1790 1921 1826; x_wconf 65' lang='lat' dir='ltr'>„Noster</span> <span class='ocrx_word' id='word_1_435' title='bbox 1948 1789 2065 1818; x_wconf 87' lang='lat' dir='ltr'>Islebeu</span> <span class='ocrx_word' id='word_1_436' title='bbox 2087 1799 2165 1818; x_wconf 86' lang='lat' dir='ltr'>uxo-</span> 
     </span>
     <span class='ocr_line' id='line_1_39' title="bbox 379 1834 1814 1876; baseline -0.006 -7"><span class='ocrx_word' id='word_1_437' title='bbox 379 1852 439 1870; x_wconf 73' lang='lat' dir='ltr'>rem</span> <span class='ocrx_word' id='word_1_438' title='bbox 465 1842 558 1875; x_wconf 81' lang='lat' dir='ltr'>duxit,</span> <span class='ocrx_word' id='word_1_439' title='bbox 584 1858 622 1861; x_wconf 92' lang='lat'>——</span> <span class='ocrx_word' id='word_1_440' title='bbox 647 1841 785 1868; x_wconf 88' lang='lat' dir='ltr'>ducturos</span> <span class='ocrx_word' id='word_1_441' title='bbox 808 1849 862 1867; x_wconf 87' lang='lat' dir='ltr'>nos</span> <span class='ocrx_word' id='word_1_442' title='bbox 886 1848 1001 1876; x_wconf 87' lang='lat' dir='ltr'>quoque</span> <span class='ocrx_word' id='word_1_443' title='bbox 1024 1838 1110 1876; x_wconf 81' lang='lat' dir='ltr'>vulgo</span> <span class='ocrx_word' id='word_1_444' title='bbox 1133 1839 1224 1872; x_wconf 84' lang='lat' dir='ltr'>aiunt,</span> <span class='ocrx_word' id='word_1_445' title='bbox 1249 1846 1314 1865; x_wconf 90' lang='lat' dir='ltr'>cum</span> <span class='ocrx_word' id='word_1_446' title='bbox 1334 1845 1484 1873; x_wconf 87' lang='lat' dir='ltr'>nunquam</span> <span class='ocrx_word' id='word_1_447' title='bbox 1508 1835 1600 1872; x_wconf 86' lang='lat' dir='ltr'>magis</span> <span class='ocrx_word' id='word_1_448' title='bbox 1618 1834 1814 1862; x_wconf 70' lang='lat' dir='ltr'>f1·ixerimus.“</span> 
     </span>
    </p>

    <p class='ocr_par' dir='ltr' id='par_1_15' title="bbox 276 1875 2167 2224">
     <span class='ocr_line' id='line_1_40' title="bbox 276 1875 2164 1922; baseline -0.006 -8"><span class='ocrx_word' id='word_1_449' title='bbox 276 1887 323 1914; x_wconf 84' lang='lat'>15.</span> <span class='ocrx_word' id='word_1_450' title='bbox 347 1885 449 1922; x_wconf 86' lang='lat' dir='ltr'>Lango</span> <span class='ocrx_word' id='word_1_451' title='bbox 478 1884 591 1912; x_wconf 89' lang='lat' dir='ltr'>scribit:</span> <span class='ocrx_word' id='word_1_452' title='bbox 623 1882 724 1919; x_wconf 69' lang='lat' dir='ltr'>„Uxor</span> <span class='ocrx_word' id='word_1_453' title='bbox 753 1883 838 1910; x_wconf 85' lang='lat' dir='ltr'>datur</span> <span class='ocrx_word' id='word_1_454' title='bbox 866 1882 937 1910; x_wconf 87' lang='lat' dir='ltr'>mihi</span> <span class='ocrx_word' id='word_1_455' title='bbox 966 1879 1126 1909; x_wconf 88' lang='lat' dir='ltr'>Catharina</span> <span class='ocrx_word' id='word_1_456' title='bbox 1149 1880 1282 1917; x_wconf 72' lang='lat' dir='ltr'>Krappi“</span> <span class='ocrx_word' id='word_1_457' title='bbox 1315 1880 1390 1917; x_wconf 83' lang='lat' dir='ltr'>(filia</span> <span class='ocrx_word' id='word_1_458' title='bbox 1413 1878 1587 1916; x_wconf 80' lang='lat' dir='ltr'>Hieronymi</span> <span class='ocrx_word' id='word_1_459' title='bbox 1610 1875 1722 1915; x_wconf 71' lang='lat' dir='ltr'>Crapp&#39;,</span> <span class='ocrx_word' id='word_1_460' title='bbox 1747 1876 1874 1906; x_wconf 71' lang='lat' dir='ltr'>consulis</span> <span class='ocrx_word' id='word_1_461' title='bbox 1898 1875 2065 1913; x_wconf 85' lang='lat' dir='ltr'>Viteberg.‚</span> <span class='ocrx_word' id='word_1_462' title='bbox 2096 1881 2164 1907; x_wconf 77' lang='lat' dir='ltr'>nata</span> 
     </span>
     <span class='ocr_line' id='line_1_41' title="bbox 384 1918 2165 1963; baseline -0.005 -7"><span class='ocrx_word' id='word_1_463' title='bbox 384 1928 474 1963; x_wconf 76' lang='lat'>1497,</span> <span class='ocrx_word' id='word_1_464' title='bbox 498 1932 612 1955; x_wconf 87' lang='lat' dir='ltr'>mortua</span> <span class='ocrx_word' id='word_1_465' title='bbox 634 1926 660 1954; x_wconf 90' lang='lat' dir='ltr'>d.</span> <span class='ocrx_word' id='word_1_466' title='bbox 689 1927 735 1954; x_wconf 81' lang='lat'>11.</span> <span class='ocrx_word' id='word_1_467' title='bbox 760 1925 824 1953; x_wconf 89' lang='lat' dir='ltr'>Oct.</span> <span class='ocrx_word' id='word_1_468' title='bbox 852 1926 956 1961; x_wconf 84' lang='lat'>1557),</span> <span class='ocrx_word' id='word_1_469' title='bbox 983 1934 1061 1960; x_wconf 88' lang='lat' dir='ltr'>„non</span> <span class='ocrx_word' id='word_1_470' title='bbox 1085 1925 1160 1958; x_wconf 87' lang='lat' dir='ltr'>dico,</span> <span class='ocrx_word' id='word_1_471' title='bbox 1182 1933 1268 1960; x_wconf 89' lang='lat' dir='ltr'>quam</span> <span class='ocrx_word' id='word_1_472' title='bbox 1290 1932 1349 1951; x_wconf 87' lang='lat' dir='ltr'>non</span> <span class='ocrx_word' id='word_1_473' title='bbox 1372 1927 1498 1959; x_wconf 86' lang='lat' dir='ltr'>sperata,</span> <span class='ocrx_word' id='word_1_474' title='bbox 1521 1926 1569 1949; x_wconf 84' lang='lat' dir='ltr'>aut</span> <span class='ocrx_word' id='word_1_475' title='bbox 1593 1930 1680 1958; x_wconf 90' lang='lat' dir='ltr'>quam</span> <span class='ocrx_word' id='word_1_476' title='bbox 1703 1920 1831 1958; x_wconf 86' lang='lat' dir='ltr'>frigenti,</span> <span class='ocrx_word' id='word_1_477' title='bbox 1855 1919 1906 1948; x_wconf 88' lang='lat' dir='ltr'>sed</span> <span class='ocrx_word' id='word_1_478' title='bbox 1929 1919 1964 1947; x_wconf 87' lang='lat' dir='ltr'>iis</span> <span class='ocrx_word' id='word_1_479' title='bbox 1985 1918 2084 1956; x_wconf 87' lang='lat' dir='ltr'>puella</span> <span class='ocrx_word' id='word_1_480' title='bbox 2104 1928 2165 1947; x_wconf 89' lang='lat' dir='ltr'>mo-</span> 
     </span>
     <span class='ocr_line' id='line_1_42' title="bbox 380 1962 2165 2005; baseline -0.006 -6"><span class='ocrx_word' id='word_1_481' title='bbox 380 1971 468 2005; x_wconf 87' lang='lat' dir='ltr'>ribus,</span> <span class='ocrx_word' id='word_1_482' title='bbox 493 1980 526 1998; x_wconf 78' lang='lat' dir='ltr'>ea</span> <span class='ocrx_word' id='word_1_483' title='bbox 549 1970 637 1998; x_wconf 83' lang='lat' dir='ltr'>animi</span> <span class='ocrx_word' id='word_1_484' title='bbox 659 1968 767 2002; x_wconf 87' lang='lat' dir='ltr'>indole,</span> <span class='ocrx_word' id='word_1_485' title='bbox 791 1968 906 2005; x_wconf 89' lang='lat' dir='ltr'>qualem</span> <span class='ocrx_word' id='word_1_486' title='bbox 929 1978 946 1995; x_wconf 92' lang='lat' dir='ltr'>a</span> <span class='ocrx_word' id='word_1_487' title='bbox 967 1967 1021 1995; x_wconf 86' lang='lat' dir='ltr'>diis</span> <span class='ocrx_word' id='word_1_488' title='bbox 1045 1967 1258 1995; x_wconf 86' lang='lat' dir='ltr'>immortalibus</span> <span class='ocrx_word' id='word_1_489' title='bbox 1287 1970 1389 2003; x_wconf 88' lang='lat' dir='ltr'>optare</span> <span class='ocrx_word' id='word_1_490' title='bbox 1412 1965 1576 1992; x_wconf 81' lang='lat' dir='ltr'>debueram.</span> <span class='ocrx_word' id='word_1_491' title='bbox 1601 1981 1643 1985; x_wconf 76' lang='lat'>—</span> <span class='ocrx_word' id='word_1_492' title='bbox 1665 1963 1789 1992; x_wconf 89' lang='lat' dir='ltr'>Secutus</span> <span class='ocrx_word' id='word_1_493' title='bbox 1820 1972 1885 1991; x_wconf 87' lang='lat' dir='ltr'>sum</span> <span class='ocrx_word' id='word_1_494' title='bbox 1914 1962 2076 1990; x_wconf 87' lang='lat' dir='ltr'>amicorum</span> <span class='ocrx_word' id='word_1_495' title='bbox 2097 1971 2165 1989; x_wconf 85' lang='lat' dir='ltr'>con·</span> 
     </span>
     <span class='ocr_line' id='line_1_43' title="bbox 380 2005 2166 2048; baseline -0.005 -6"><span class='ocrx_word' id='word_1_496' title='bbox 380 2014 507 2042; x_wconf 72' lang='lat' dir='ltr'>silium.“</span> <span class='ocrx_word' id='word_1_497' title='bbox 535 2030 571 2035; x_wconf 77' lang='lat'>—</span> <span class='ocrx_word' id='word_1_498' title='bbox 597 2012 744 2040; x_wconf 86' lang='lat' dir='ltr'>Lutherus</span> <span class='ocrx_word' id='word_1_499' title='bbox 768 2012 870 2040; x_wconf 82' lang='lat' dir='ltr'>eodem</span> <span class='ocrx_word' id='word_1_500' title='bbox 893 2011 940 2039; x_wconf 91' lang='lat' dir='ltr'>die</span> <span class='ocrx_word' id='word_1_501' title='bbox 963 2011 999 2038; x_wconf 89' lang='lat' dir='ltr'>ad</span> <span class='ocrx_word' id='word_1_502' title='bbox 1023 2009 1219 2048; x_wconf 86' lang='lat' dir='ltr'>Spalatinum:</span> <span class='ocrx_word' id='word_1_503' title='bbox 1246 2009 1402 2046; x_wconf 79' lang='lat' dir='ltr'>„Philippo</span> <span class='ocrx_word' id='word_1_504' title='bbox 1426 2009 1540 2036; x_wconf 91' lang='lat' dir='ltr'>ducitur</span> <span class='ocrx_word' id='word_1_505' title='bbox 1563 2007 1723 2036; x_wconf 81' lang='lat' dir='ltr'>Catharina</span> <span class='ocrx_word' id='word_1_506' title='bbox 1742 2006 1883 2044; x_wconf 85' lang='lat' dir='ltr'>Crappin,</span> <span class='ocrx_word' id='word_1_507' title='bbox 1904 2005 1980 2043; x_wconf 88' lang='lat' dir='ltr'>quod</span> <span class='ocrx_word' id='word_1_508' title='bbox 1999 2015 2044 2033; x_wconf 90' lang='lat' dir='ltr'>me</span> <span class='ocrx_word' id='word_1_509' title='bbox 2063 2008 2166 2033; x_wconf 82' lang='lat' dir='ltr'>autore</span> 
     </span>
     <span class='ocr_line' id='line_1_44' title="bbox 381 2048 2167 2094; baseline -0.006 -9"><span class='ocrx_word' id='word_1_510' title='bbox 381 2058 429 2094; x_wconf 84' lang='lat' dir='ltr'>agi</span> <span class='ocrx_word' id='word_1_511' title='bbox 448 2057 589 2085; x_wconf 85' lang='lat' dir='ltr'>clamant:</span> <span class='ocrx_word' id='word_1_512' title='bbox 613 2065 667 2094; x_wconf 89' lang='lat' dir='ltr'>ego</span> <span class='ocrx_word' id='word_1_513' title='bbox 690 2054 811 2089; x_wconf 88' lang='lat' dir='ltr'>homini,</span> <span class='ocrx_word' id='word_1_514' title='bbox 835 2055 860 2082; x_wconf 86' lang='lat' dir='ltr'>si</span> <span class='ocrx_word' id='word_1_515' title='bbox 884 2062 941 2092; x_wconf 86' lang='lat' dir='ltr'>qua</span> <span class='ocrx_word' id='word_1_516' title='bbox 963 2059 1040 2088; x_wconf 87' lang='lat' dir='ltr'>sunt,</span> <span class='ocrx_word' id='word_1_517' title='bbox 1065 2053 1175 2091; x_wconf 88' lang='lat' dir='ltr'>optima</span> <span class='ocrx_word' id='word_1_518' title='bbox 1197 2053 1283 2087; x_wconf 86' lang='lat' dir='ltr'>facio,</span> <span class='ocrx_word' id='word_1_519' title='bbox 1309 2052 1380 2080; x_wconf 89' lang='lat' dir='ltr'>nihil</span> <span class='ocrx_word' id='word_1_520' title='bbox 1403 2056 1532 2079; x_wconf 83' lang='lat' dir='ltr'>moratus</span> <span class='ocrx_word' id='word_1_521' title='bbox 1561 2051 1761 2078; x_wconf 87' lang='lat' dir='ltr'>universorum</span> <span class='ocrx_word' id='word_1_522' title='bbox 1785 2050 1955 2077; x_wconf 86' lang='lat' dir='ltr'>clamorem:</span> <span class='ocrx_word' id='word_1_523' title='bbox 1987 2048 2069 2076; x_wconf 84' lang='lat' dir='ltr'>Deus</span> <span class='ocrx_word' id='word_1_524' title='bbox 2093 2048 2167 2076; x_wconf 86' lang='lat' dir='ltr'>bene</span> 
     </span>
     <span class='ocr_line' id='line_1_45' title="bbox 382 2090 2165 2133; baseline -0.006 -5"><span class='ocrx_word' id='word_1_525' title='bbox 382 2102 503 2129; x_wconf 67' lang='lat' dir='ltr'>vertat.“</span> <span class='ocrx_word' id='word_1_526' title='bbox 530 2118 569 2121; x_wconf 73' lang='lat'>——</span> <span class='ocrx_word' id='word_1_527' title='bbox 594 2099 763 2127; x_wconf 84' lang='lat' dir='ltr'>Amicorum</span> <span class='ocrx_word' id='word_1_528' title='bbox 784 2097 906 2126; x_wconf 87' lang='lat' dir='ltr'>consilia</span> <span class='ocrx_word' id='word_1_529' title='bbox 929 2106 960 2125; x_wconf 89' lang='lat' dir='ltr'>se</span> <span class='ocrx_word' id='word_1_530' title='bbox 983 2106 1017 2124; x_wconf 89' lang='lat' dir='ltr'>ea</span> <span class='ocrx_word' id='word_1_531' title='bbox 1040 2097 1070 2124; x_wconf 90' lang='lat' dir='ltr'>in</span> <span class='ocrx_word' id='word_1_532' title='bbox 1092 2106 1124 2124; x_wconf 87' lang='lat' dir='ltr'>re</span> <span class='ocrx_word' id='word_1_533' title='bbox 1145 2102 1298 2133; x_wconf 87' lang='lat' dir='ltr'>sequutum</span> <span class='ocrx_word' id='word_1_534' title='bbox 1323 2104 1387 2123; x_wconf 82' lang='lat' dir='ltr'>esse</span> <span class='ocrx_word' id='word_1_535' title='bbox 1410 2095 1472 2133; x_wconf 82' lang='lat' dir='ltr'>ipse</span> <span class='ocrx_word' id='word_1_536' title='bbox 1501 2094 1651 2132; x_wconf 84' lang='lat' dir='ltr'>profitetur</span> <span class='ocrx_word' id='word_1_537' title='bbox 1678 2094 1708 2121; x_wconf 92' lang='lat' dir='ltr'>in</span> <span class='ocrx_word' id='word_1_538' title='bbox 1740 2093 1822 2130; x_wconf 81' lang='lat' dir='ltr'>epist.</span> <span class='ocrx_word' id='word_1_539' title='bbox 1846 2093 1873 2120; x_wconf 89' lang='lat' dir='ltr'>d.</span> <span class='ocrx_word' id='word_1_540' title='bbox 1901 2093 1947 2121; x_wconf 86' lang='lat'>14.</span> <span class='ocrx_word' id='word_1_541' title='bbox 1971 2090 2051 2128; x_wconf 87' lang='lat' dir='ltr'>Sept.</span> <span class='ocrx_word' id='word_1_542' title='bbox 2075 2091 2104 2118; x_wconf 90' lang='lat' dir='ltr'>h.</span> <span class='ocrx_word' id='word_1_543' title='bbox 2127 2100 2165 2126; x_wconf 85' lang='lat' dir='ltr'>a.‚</span> 
     </span>
     <span class='ocr_line' id='line_1_46' title="bbox 382 2134 2165 2179; baseline -0.006 -8"><span class='ocrx_word' id='word_1_544' title='bbox 382 2144 430 2172; x_wconf 92' lang='lat' dir='ltr'>ubi</span> <span class='ocrx_word' id='word_1_545' title='bbox 453 2144 542 2171; x_wconf 79' lang='lat' dir='ltr'>dixit:</span> <span class='ocrx_word' id='word_1_546' title='bbox 570 2142 718 2179; x_wconf 84' lang='lat' dir='ltr'>„Uxorem</span> <span class='ocrx_word' id='word_1_547' title='bbox 738 2142 808 2169; x_wconf 78' lang='lat' dir='ltr'>duxi</span> <span class='ocrx_word' id='word_1_548' title='bbox 831 2140 967 2178; x_wconf 85' lang='lat' dir='ltr'>puellam,</span> <span class='ocrx_word' id='word_1_549' title='bbox 991 2149 1076 2177; x_wconf 85' lang='lat' dir='ltr'>quam</span> <span class='ocrx_word' id='word_1_550' title='bbox 1101 2140 1214 2174; x_wconf 70' lang='lat' dir='ltr'>vidisti,</span> <span class='ocrx_word' id='word_1_551' title='bbox 1238 2139 1356 2175; x_wconf 85' lang='lat' dir='ltr'>dignam</span> <span class='ocrx_word' id='word_1_552' title='bbox 1380 2143 1456 2166; x_wconf 89' lang='lat' dir='ltr'>certe</span> <span class='ocrx_word' id='word_1_553' title='bbox 1482 2137 1596 2165; x_wconf 89' lang='lat' dir='ltr'>meliori</span> <span class='ocrx_word' id='word_1_554' title='bbox 1619 2137 1689 2165; x_wconf 81' lang='lat' dir='ltr'>viro.</span> <span class='ocrx_word' id='word_1_555' title='bbox 1735 2135 1794 2164; x_wconf 90' lang='lat' dir='ltr'>Sed</span> <span class='ocrx_word' id='word_1_556' title='bbox 1816 2136 1857 2163; x_wconf 87' lang='lat' dir='ltr'>ita</span> <span class='ocrx_word' id='word_1_557' title='bbox 1885 2135 1950 2163; x_wconf 85' lang='lat' dir='ltr'>Deo</span> <span class='ocrx_word' id='word_1_558' title='bbox 1973 2134 2067 2162; x_wconf 67' lang='lat' dir='ltr'>risum</span> <span class='ocrx_word' id='word_1_559' title='bbox 2093 2137 2165 2162; x_wconf 82' lang='lat' dir='ltr'>esto.</span> 
     </span>
     <span class='ocr_line' id='line_1_47' title="bbox 382 2178 2076 2224; baseline -0.006 -10"><span class='ocrx_word' id='word_1_560' title='bbox 382 2186 448 2224; x_wconf 87' lang='lat' dir='ltr'>Ego</span> <span class='ocrx_word' id='word_1_561' title='bbox 471 2187 543 2214; x_wconf 87' lang='lat' dir='ltr'>meis</span> <span class='ocrx_word' id='word_1_562' title='bbox 566 2195 612 2213; x_wconf 86' lang='lat' dir='ltr'>me</span> <span class='ocrx_word' id='word_1_563' title='bbox 635 2185 747 2219; x_wconf 87' lang='lat' dir='ltr'>studiis,</span> <span class='ocrx_word' id='word_1_564' title='bbox 770 2194 834 2212; x_wconf 86' lang='lat' dir='ltr'>mea</span> <span class='ocrx_word' id='word_1_565' title='bbox 856 2194 902 2212; x_wconf 87' lang='lat' dir='ltr'>me</span> <span class='ocrx_word' id='word_1_566' title='bbox 925 2183 1073 2220; x_wconf 83' lang='lat' dir='ltr'>voluptate</span> <span class='ocrx_word' id='word_1_567' title='bbox 1096 2182 1210 2217; x_wconf 80' lang='lat' dir='ltr'>fraudo,</span> <span class='ocrx_word' id='word_1_568' title='bbox 1235 2183 1303 2210; x_wconf 91' lang='lat' dir='ltr'>dum</span> <span class='ocrx_word' id='word_1_569' title='bbox 1329 2182 1487 2209; x_wconf 87' lang='lat' dir='ltr'>amicorum</span> <span class='ocrx_word' id='word_1_570' title='bbox 1511 2180 1641 2209; x_wconf 87' lang='lat' dir='ltr'>consiliis</span> <span class='ocrx_word' id='word_1_571' title='bbox 1663 2184 1690 2207; x_wconf 91' lang='lat' dir='ltr'>et</span> <span class='ocrx_word' id='word_1_572' title='bbox 1713 2179 1855 2207; x_wconf 87' lang='lat' dir='ltr'>voluntati</span> <span class='ocrx_word' id='word_1_573' title='bbox 1879 2178 2076 2214; x_wconf 77' lang='lat' dir='ltr'>obtempero.“</span> 
     </span>
    </p>

    <p class='ocr_par' dir='ltr' id='par_1_16' title="bbox 157 2220 2167 2353">
     <span class='ocr_line' id='line_1_48' title="bbox 157 2220 2164 2269; baseline -0.006 -9"><span class='ocrx_word' id='word_1_574' title='bbox 157 2230 237 2269; x_wconf 84' lang='lat' dir='ltr'>Sept.</span> <span class='ocrx_word' id='word_1_575' title='bbox 295 2231 324 2259; x_wconf 87' lang='lat'>8.</span> <span class='ocrx_word' id='word_1_576' title='bbox 348 2229 491 2258; x_wconf 87' lang='lat' dir='ltr'>Lutherus</span> <span class='ocrx_word' id='word_1_577' title='bbox 520 2229 557 2257; x_wconf 90' lang='lat' dir='ltr'>ad</span> <span class='ocrx_word' id='word_1_578' title='bbox 580 2227 779 2265; x_wconf 84' lang='lat' dir='ltr'>Spalatinum:</span> <span class='ocrx_word' id='word_1_579' title='bbox 828 2227 893 2264; x_wconf 73' lang='lat' dir='ltr'>„De</span> <span class='ocrx_word' id='word_1_580' title='bbox 918 2226 1063 2263; x_wconf 88' lang='lat' dir='ltr'>stipendio</span> <span class='ocrx_word' id='word_1_581' title='bbox 1085 2225 1217 2264; x_wconf 86' lang='lat' dir='ltr'>Philippi</span> <span class='ocrx_word' id='word_1_582' title='bbox 1239 2225 1312 2253; x_wconf 91' lang='lat' dir='ltr'>nihil</span> <span class='ocrx_word' id='word_1_583' title='bbox 1330 2225 1426 2253; x_wconf 88' lang='lat' dir='ltr'>scribo</span> <span class='ocrx_word' id='word_1_584' title='bbox 1447 2225 1485 2252; x_wconf 84' lang='lat' dir='ltr'>ad</span> <span class='ocrx_word' id='word_1_585' title='bbox 1510 2223 1695 2261; x_wconf 86' lang='lat' dir='ltr'>Principem,</span> <span class='ocrx_word' id='word_1_586' title='bbox 1724 2223 1749 2250; x_wconf 88' lang='lat' dir='ltr'>si</span> <span class='ocrx_word' id='word_1_587' title='bbox 1771 2226 1802 2249; x_wconf 89' lang='lat' dir='ltr'>tu</span> <span class='ocrx_word' id='word_1_588' title='bbox 1825 2230 1883 2249; x_wconf 92' lang='lat' dir='ltr'>non</span> <span class='ocrx_word' id='word_1_589' title='bbox 1907 2220 1977 2248; x_wconf 89' lang='lat' dir='ltr'>satis</span> <span class='ocrx_word' id='word_1_590' title='bbox 1999 2220 2098 2248; x_wconf 72' lang='lat' dir='ltr'>fueris.</span> <span class='ocrx_word' id='word_1_591' title='bbox 2128 2236 2164 2240; x_wconf 93' lang='lat'>—</span> 
     </span>
     <span class='ocr_line' id='line_1_49' title="bbox 382 2264 2167 2307; baseline -0.007 -6"><span class='ocrx_word' id='word_1_592' title='bbox 382 2269 533 2302; x_wconf 61' lang='lat' dir='ltr'>Ufuxore</span> <span class='ocrx_word' id='word_1_593' title='bbox 556 2272 643 2300; x_wconf 85' lang='lat' dir='ltr'>ducta</span> <span class='ocrx_word' id='word_1_594' title='bbox 661 2271 768 2299; x_wconf 88' lang='lat' dir='ltr'>diutius</span> <span class='ocrx_word' id='word_1_595' title='bbox 791 2271 915 2305; x_wconf 79' lang='lat' dir='ltr'>viveret,</span> <span class='ocrx_word' id='word_1_596' title='bbox 939 2270 985 2306; x_wconf 84' lang='lat' dir='ltr'>egi</span> <span class='ocrx_word' id='word_1_597' title='bbox 1011 2274 1130 2307; x_wconf 80' lang='lat' dir='ltr'>propter</span> <span class='ocrx_word' id='word_1_598' title='bbox 1149 2268 1305 2306; x_wconf 81' lang='lat' dir='ltr'>Evangelii</span> <span class='ocrx_word' id='word_1_599' title='bbox 1327 2269 1551 2300; x_wconf 87' lang='lat' dir='ltr'>incrementum;</span> <span class='ocrx_word' id='word_1_600' title='bbox 1580 2266 1668 2294; x_wconf 86' lang='lat' dir='ltr'>timeo</span> <span class='ocrx_word' id='word_1_601' title='bbox 1693 2275 1758 2293; x_wconf 90' lang='lat' dir='ltr'>eum</span> <span class='ocrx_word' id='word_1_602' title='bbox 1788 2264 1844 2292; x_wconf 90' lang='lat' dir='ltr'>hoc</span> <span class='ocrx_word' id='word_1_603' title='bbox 1875 2264 1951 2291; x_wconf 80' lang='lat' dir='ltr'>vitae</span> <span class='ocrx_word' id='word_1_604' title='bbox 1975 2272 2082 2300; x_wconf 85' lang='lat' dir='ltr'>genere</span> <span class='ocrx_word' id='word_1_605' title='bbox 2107 2271 2167 2291; x_wconf 88' lang='lat' dir='ltr'>non</span> 
     </span>
     <span class='ocr_line' id='line_1_50' title="bbox 381 2316 666 2353; baseline -0.007 -9"><span class='ocrx_word' id='word_1_606' title='bbox 381 2317 430 2344; x_wconf 91' lang='lat' dir='ltr'>diu</span> <span class='ocrx_word' id='word_1_607' title='bbox 452 2316 666 2353; x_wconf 83' lang='lat' dir='ltr'>superstitem.“</span> 
     </span>
    </p>

    <p class='ocr_par' dir='ltr' id='par_1_17' title="bbox 276 2353 1593 2397">
     <span class='ocr_line' id='line_1_51' title="bbox 276 2353 1593 2397; baseline -0.005 -9"><span class='ocrx_word' id='word_1_608' title='bbox 276 2361 324 2388; x_wconf 89' lang='lat'>10.</span> <span class='ocrx_word' id='word_1_609' title='bbox 348 2359 477 2397; x_wconf 74' lang='lat' dir='ltr'>Nuptiae</span> <span class='ocrx_word' id='word_1_610' title='bbox 501 2358 544 2388; x_wconf 91' lang='lat' dir='ltr'>Io.</span> <span class='ocrx_word' id='word_1_611' title='bbox 570 2357 735 2395; x_wconf 84' lang='lat' dir='ltr'>Agricolae,</span> <span class='ocrx_word' id='word_1_612' title='bbox 758 2356 867 2391; x_wconf 87' lang='lat' dir='ltr'>Islebii,</span> <span class='ocrx_word' id='word_1_613' title='bbox 890 2356 927 2383; x_wconf 91' lang='lat' dir='ltr'>ad</span> <span class='ocrx_word' id='word_1_614' title='bbox 951 2363 1022 2392; x_wconf 89' lang='lat' dir='ltr'>quas</span> <span class='ocrx_word' id='word_1_615' title='bbox 1047 2355 1186 2392; x_wconf 82' lang='lat' dir='ltr'>Princeps</span> <span class='ocrx_word' id='word_1_616' title='bbox 1211 2354 1328 2382; x_wconf 87' lang='lat' dir='ltr'>Elector</span> <span class='ocrx_word' id='word_1_617' title='bbox 1352 2363 1470 2382; x_wconf 89' lang='lat' dir='ltr'>cervum</span> <span class='ocrx_word' id='word_1_618' title='bbox 1493 2353 1593 2381; x_wconf 83' lang='lat' dir='ltr'>donat.</span> 
     </span>
    </p>

    <p class='ocr_par' dir='ltr' id='par_1_18' title="bbox 160 2390 2169 2482">
     <span class='ocr_line' id='line_1_52' title="bbox 160 2390 2169 2436; baseline -0.006 -4"><span class='ocrx_word' id='word_1_619' title='bbox 160 2403 237 2432; x_wconf 82' lang='lat' dir='ltr'>Nov.</span> <span class='ocrx_word' id='word_1_620' title='bbox 348 2403 470 2431; x_wconf 83' lang='lat' dir='ltr'>Ineunte</span> <span class='ocrx_word' id='word_1_621' title='bbox 494 2401 572 2430; x_wconf 88' lang='lat' dir='ltr'>Nov.</span> <span class='ocrx_word' id='word_1_622' title='bbox 597 2411 661 2429; x_wconf 90' lang='lat' dir='ltr'>cum</span> <span class='ocrx_word' id='word_1_623' title='bbox 684 2400 812 2428; x_wconf 88' lang='lat' dir='ltr'>Luthero</span> <span class='ocrx_word' id='word_1_624' title='bbox 835 2398 1044 2436; x_wconf 86' lang='lat' dir='ltr'>Eilenburgum</span> <span class='ocrx_word' id='word_1_625' title='bbox 1068 2398 1269 2435; x_wconf 85' lang='lat' dir='ltr'>proficiscitur.</span> <span class='ocrx_word' id='word_1_626' title='bbox 1315 2397 1382 2425; x_wconf 89' lang='lat' dir='ltr'>Vid.</span> <span class='ocrx_word' id='word_1_627' title='bbox 1407 2407 1450 2434; x_wconf 92' lang='lat' dir='ltr'>ep.</span> <span class='ocrx_word' id='word_1_628' title='bbox 1472 2395 1595 2424; x_wconf 87' lang='lat' dir='ltr'>Lutheri</span> <span class='ocrx_word' id='word_1_629' title='bbox 1613 2395 1640 2424; x_wconf 81' lang='lat' dir='ltr'>d.</span> <span class='ocrx_word' id='word_1_630' title='bbox 1670 2396 1695 2422; x_wconf 86' lang='lat'>1.</span> <span class='ocrx_word' id='word_1_631' title='bbox 1716 2393 1789 2422; x_wconf 89' lang='lat' dir='ltr'>Dec.</span> <span class='ocrx_word' id='word_1_632' title='bbox 1815 2393 1843 2422; x_wconf 91' lang='lat' dir='ltr'>h.</span> <span class='ocrx_word' id='word_1_633' title='bbox 1868 2402 1904 2428; x_wconf 86' lang='lat' dir='ltr'>a.,</span> <span class='ocrx_word' id='word_1_634' title='bbox 1928 2396 1956 2420; x_wconf 89' lang='lat' dir='ltr'>et</span> <span class='ocrx_word' id='word_1_635' title='bbox 1978 2400 2097 2420; x_wconf 82' lang='lat' dir='ltr'>causam</span> <span class='ocrx_word' id='word_1_636' title='bbox 2119 2390 2169 2419; x_wconf 86' lang='lat' dir='ltr'>iti-</span> 
     </span>
     <span class='ocr_line' id='line_1_53' title="bbox 382 2442 918 2482; baseline -0.006 -9"><span class='ocrx_word' id='word_1_637' title='bbox 382 2446 460 2473; x_wconf 80' lang='lat' dir='ltr'>neris</span> <span class='ocrx_word' id='word_1_638' title='bbox 480 2445 511 2473; x_wconf 92' lang='lat' dir='ltr'>in</span> <span class='ocrx_word' id='word_1_639' title='bbox 534 2445 624 2473; x_wconf 90' lang='lat' dir='ltr'>eiusd.</span> <span class='ocrx_word' id='word_1_640' title='bbox 649 2454 693 2482; x_wconf 93' lang='lat' dir='ltr'>ep.</span> <span class='ocrx_word' id='word_1_641' title='bbox 715 2444 743 2472; x_wconf 88' lang='lat' dir='ltr'>d.</span> <span class='ocrx_word' id='word_1_642' title='bbox 770 2444 816 2472; x_wconf 80' lang='lat'>13.</span> <span class='ocrx_word' id='word_1_643' title='bbox 840 2442 918 2471; x_wconf 76' lang='lat' dir='ltr'>Nov-</span> 
     </span>
    </p>

    <p class='ocr_par' dir='ltr' id='par_1_19' title="bbox 276 2476 2168 2653">
     <span class='ocr_line' id='line_1_54' title="bbox 276 2476 2168 2525; baseline -0.007 -7"><span class='ocrx_word' id='word_1_644' title='bbox 276 2490 323 2518; x_wconf 89' lang='lat'>13.</span> <span class='ocrx_word' id='word_1_645' title='bbox 345 2488 489 2518; x_wconf 82' lang='lat' dir='ltr'>Lutherus</span> <span class='ocrx_word' id='word_1_646' title='bbox 513 2489 550 2516; x_wconf 85' lang='lat' dir='ltr'>ad</span> <span class='ocrx_word' id='word_1_647' title='bbox 568 2486 765 2525; x_wconf 84' lang='lat' dir='ltr'>Spalatinum:</span> <span class='ocrx_word' id='word_1_648' title='bbox 790 2485 963 2523; x_wconf 82' lang='lat' dir='ltr'>„Philippus</span> <span class='ocrx_word' id='word_1_649' title='bbox 985 2484 1151 2521; x_wconf 83' lang='lat' dir='ltr'>respondet,</span> <span class='ocrx_word' id='word_1_650' title='bbox 1176 2484 1228 2512; x_wconf 86' lang='lat' dir='ltr'>sub</span> <span class='ocrx_word' id='word_1_651' title='bbox 1251 2483 1368 2511; x_wconf 87' lang='lat' dir='ltr'>nomine</span> <span class='ocrx_word' id='word_1_652' title='bbox 1386 2482 1539 2510; x_wconf 83' lang='lat' dir='ltr'>Faventini</span> <span class='ocrx_word' id='word_1_653' title='bbox 1551 2480 1681 2519; x_wconf 82' lang='lat' dir='ltr'>Didymi,</span> <span class='ocrx_word' id='word_1_654' title='bbox 1705 2479 1837 2508; x_wconf 82' lang='lat' dir='ltr'>Thomas</span> <span class='ocrx_word' id='word_1_655' title='bbox 1855 2478 2000 2507; x_wconf 81' lang='lat' dir='ltr'>Rhadino.</span> <span class='ocrx_word' id='word_1_656' title='bbox 2037 2476 2168 2514; x_wconf 74' lang='lat' dir='ltr'>Nuptiae</span> 
     </span>
     <span class='ocr_line' id='line_1_55' title="bbox 383 2520 2168 2569; baseline -0.007 -9"><span class='ocrx_word' id='word_1_657' title='bbox 383 2531 513 2569; x_wconf 88' lang='lat' dir='ltr'>Philippi</span> <span class='ocrx_word' id='word_1_658' title='bbox 536 2531 628 2559; x_wconf 87' lang='lat' dir='ltr'>altera</span> <span class='ocrx_word' id='word_1_659' title='bbox 650 2528 826 2558; x_wconf 88' lang='lat' dir='ltr'>Catharinae</span> <span class='ocrx_word' id='word_1_660' title='bbox 850 2529 911 2563; x_wconf 86' lang='lat' dir='ltr'>(die</span> <span class='ocrx_word' id='word_1_661' title='bbox 935 2528 963 2556; x_wconf 89' lang='lat'>6.</span> <span class='ocrx_word' id='word_1_662' title='bbox 990 2527 1082 2564; x_wconf 75' lang='lat' dir='ltr'>Nov.)</span> <span class='ocrx_word' id='word_1_663' title='bbox 1106 2530 1204 2555; x_wconf 84' lang='lat' dir='ltr'>erunt:</span> <span class='ocrx_word' id='word_1_664' title='bbox 1234 2527 1275 2554; x_wconf 89' lang='lat' dir='ltr'>ita</span> <span class='ocrx_word' id='word_1_665' title='bbox 1293 2526 1436 2554; x_wconf 73' lang='lat' dir='ltr'>festinare</span> <span class='ocrx_word' id='word_1_666' title='bbox 1459 2525 1536 2562; x_wconf 85' lang='lat' dir='ltr'>cogit</span> <span class='ocrx_word' id='word_1_667' title='bbox 1560 2524 1725 2561; x_wconf 86' lang='lat' dir='ltr'>linguarum</span> <span class='ocrx_word' id='word_1_668' title='bbox 1750 2522 1890 2551; x_wconf 83' lang='lat' dir='ltr'>malarum</span> <span class='ocrx_word' id='word_1_669' title='bbox 1909 2520 2101 2560; x_wconf 75' lang='lat' dir='ltr'>periculum.“</span> <span class='ocrx_word' id='word_1_670' title='bbox 2125 2536 2168 2541; x_wconf 89' lang='lat'>-—</span> 
     </span>
     <span class='ocr_line' id='line_1_56' title="bbox 385 2562 2168 2609; baseline -0.008 -6"><span class='ocrx_word' id='word_1_671' title='bbox 385 2574 432 2603; x_wconf 81' lang='lat' dir='ltr'>De</span> <span class='ocrx_word' id='word_1_672' title='bbox 456 2575 557 2602; x_wconf 80' lang='lat' dir='ltr'>eadem</span> <span class='ocrx_word' id='word_1_673' title='bbox 578 2584 609 2602; x_wconf 88' lang='lat' dir='ltr'>re</span> <span class='ocrx_word' id='word_1_674' title='bbox 632 2573 803 2602; x_wconf 85' lang='lat' dir='ltr'>Melanthon</span> <span class='ocrx_word' id='word_1_675' title='bbox 820 2573 858 2600; x_wconf 90' lang='lat' dir='ltr'>ad</span> <span class='ocrx_word' id='word_1_676' title='bbox 881 2570 1079 2609; x_wconf 85' lang='lat' dir='ltr'>Spalatinum:</span> <span class='ocrx_word' id='word_1_677' title='bbox 1126 2569 1275 2607; x_wconf 87' lang='lat' dir='ltr'>„Nuptias</span> <span class='ocrx_word' id='word_1_678' title='bbox 1294 2578 1374 2597; x_wconf 90' lang='lat' dir='ltr'>meas</span> <span class='ocrx_word' id='word_1_679' title='bbox 1397 2579 1451 2607; x_wconf 85' lang='lat' dir='ltr'>ego</span> <span class='ocrx_word' id='word_1_680' title='bbox 1471 2577 1557 2606; x_wconf 89' lang='lat' dir='ltr'>quam</span> <span class='ocrx_word' id='word_1_681' title='bbox 1580 2568 1712 2605; x_wconf 88' lang='lat' dir='ltr'>impense</span> <span class='ocrx_word' id='word_1_682' title='bbox 1735 2566 1869 2594; x_wconf 80' lang='lat' dir='ltr'>volebam</span> <span class='ocrx_word' id='word_1_683' title='bbox 1889 2564 2003 2599; x_wconf 77' lang='lat' dir='ltr'>dilatas,</span> <span class='ocrx_word' id='word_1_684' title='bbox 2022 2563 2074 2592; x_wconf 78' lang='lat' dir='ltr'>sed</span> <span class='ocrx_word' id='word_1_685' title='bbox 2095 2562 2168 2590; x_wconf 77' lang='lat' dir='ltr'>ami-</span> 
     </span>
     <span class='ocr_line' id='line_1_57' title="bbox 387 2610 1766 2653; baseline -0.005 -7"><span class='ocrx_word' id='word_1_686' title='bbox 387 2627 486 2646; x_wconf 87' lang='lat' dir='ltr'>corum</span> <span class='ocrx_word' id='word_1_687' title='bbox 506 2617 658 2646; x_wconf 88' lang='lat' dir='ltr'>consilium</span> <span class='ocrx_word' id='word_1_688' title='bbox 683 2617 760 2645; x_wconf 88' lang='lat' dir='ltr'>aliud</span> <span class='ocrx_word' id='word_1_689' title='bbox 783 2616 848 2650; x_wconf 87' lang='lat' dir='ltr'>fuit,</span> <span class='ocrx_word' id='word_1_690' title='bbox 872 2614 978 2653; x_wconf 76' lang='lat' dir='ltr'>quibus</span> <span class='ocrx_word' id='word_1_691' title='bbox 1001 2622 1056 2651; x_wconf 88' lang='lat' dir='ltr'>ego</span> <span class='ocrx_word' id='word_1_692' title='bbox 1078 2613 1282 2650; x_wconf 85' lang='lat' dir='ltr'>obtemperans</span> <span class='ocrx_word' id='word_1_693' title='bbox 1301 2620 1405 2650; x_wconf 83' lang='lat' dir='ltr'>passus</span> <span class='ocrx_word' id='word_1_694' title='bbox 1427 2621 1492 2640; x_wconf 88' lang='lat' dir='ltr'>sum</span> <span class='ocrx_word' id='word_1_695' title='bbox 1513 2621 1576 2639; x_wconf 90' lang='lat' dir='ltr'>rem</span> <span class='ocrx_word' id='word_1_696' title='bbox 1598 2610 1766 2639; x_wconf 81' lang='lat' dir='ltr'>maturari.“</span> 
     </span>
    </p>
   </div>
  </div>
 </body>
</html>
