2299 2921
159 151 181 184 5
938 142 963 174 1.
1007 140 1217 174 ANNALES
1239 138 1384 172 VITAE.
2149 137 2174 171 6

161 251 278 286 praesto
300 245 364 280 fuit,
383 243 573 272 describendo
593 241 779 279 potissimum
798 250 847 274 ea,
867 240 972 277 quibus
995 238 1127 266 defensio
1150 247 1257 266 causae
1280 236 1497 270 continebatur,
1522 239 1550 262 et
1573 243 1648 271 quae
1678 234 1715 261 ad
1739 234 1878 261 iudicium
1910 234 2050 261 mittenda
2077 240 2171 270 erant,

161 295 190 319 et
212 289 349 328 quicquid
366 286 485 316 omnino
507 286 544 314 ad
567 284 728 322 Capnionis
747 283 948 312 innocentiam
972 281 1178 310 declarandam
1202 285 1230 309 et
1253 279 1480 309 conservandam
1499 277 1623 306 salutem
1647 277 1875 314 dignitatemque
1895 277 2061 314 pertineret,
2080 277 2172 305 omni-

161 334 215 362 bus
237 332 332 361 modis
354 329 529 358 adiuvando.
574 327 680 364 Neque
704 326 862 364 Philippus
885 327 922 354 ad
941 323 1123 363 Capnionem
1146 324 1232 353 modo
1251 322 1474 360 Stuggardiam,
1494 321 1544 349 ubi
1568 320 1615 348 hic
1637 320 1801 354 habitabat,
1832 319 1933 348 crebro
1962 319 2101 355 accessit,
2120 320 2171 348 sed

162 375 275 414 Capnio
299 383 413 412 quoque
435 373 498 410 ipse
522 380 609 408 saepe
633 370 711 398 venit
733 370 900 406 Tubingam
924 369 961 397 ad
984 368 1183 406 Philippum.“
1208 367 1370 404 (Camerar.
1389 365 1419 393 in
1438 365 1500 393 vita
1519 363 1603 400 Mel.)

316 417 455 445 Erasmus
474 414 688 442 Roterodamus
707 413 737 440 in
756 422 809 441 suo
834 412 1031 441 Commentar.
1055 412 1091 439 ad
1113 411 1248 439 Thessal.
1271 410 1385 447 (1515)
1408 408 1444 436 de
1467 406 1658 436 Melanthone
1676 406 1748 434 haec
1770 406 1967 443 praedicavit:
1995 406 2055 441 „At
2076 403 2171 433 Deum

161 460 364 494 immortalem,
388 468 475 496 quam
496 467 555 486 non
576 466 657 494 spem
679 456 715 483 de
737 465 768 484 se
792 455 912 492 praebet
930 455 1085 483 admodum
1115 454 1202 482 etiam
1230 453 1403 482 adolescens
1431 460 1474 489 ac¹
1493 460 1585 488 paene
1614 459 1686 487 puer
1714 448 1768 477 Ph.
1799 448 2021 481 Melanchthon,
2052 453 2173 486 utraque

161 504 323 533 litteratura
344 512 436 540 paene
459 511 497 529 ex
520 510 614 537 aequo
637 499 855 536 suscipiendusl
903 498 989 533 Quod
1013 497 1191 525 inventionis
1213 497 1350 525 acumen!
1396 494 1481 530 Quae
1505 493 1646 522 sermonis
1671 493 1783 530 puritas
1808 496 1836 520 et
1859 491 2019 528 elegantia!
2058 491 2175 527 Quanta

161 547 377 576 reconditarum
400 555 495 573 rerum
519 543 677 572 memoria!
700 552 787 580 quam
810 542 891 569 varia
914 541 1014 569 lectiol
1039 550 1125 577 quam
1150 540 1342 568 verecundiae
1362 539 1520 575 regiaeque
1544 545 1664 574 prorsus
1687 535 1794 564 indolis
1816 535 1990 564 festivitas!“

1010 667 1164 699 ANNO
1201 666 1327 698 1516.

318 752 418 779 Mense
440 750 548 778 Martio
571 750 605 777 dc
633 748 802 785 Tragoedia
826 752 854 775 et
882 747 1043 776 Comoedia
1065 746 1265 775 Romanorum
1293 750 1320 773 et
1349 742 1531 772 Graecorum
1560 742 1706 780 praefatur
1736 742 1766 769 in
1789 740 1919 769 Terentii
1943 738 2118 769 Comoedias
2146 739 2176 767 in

162 797 282 825 officina
304 793 458 822 Anshelmi
483 793 584 821 editas.
610 810 645 814 ——
673 792 853 819 priscianum
879 791 962 818 edere
985 790 1037 818 illo
1060 794 1190 826 tempore
1213 789 1243 816 iu
1265 789 1362 815 animo
1387 786 1521 814 habebat.

318 837 355 865 D.
381 838 428 864 13.
453 835 516 865 Cal.
540 834 618 873 Sept.
644 835 728 863 odam
747 833 882 872 graecam
907 834 1007 862 scribit
1030 833 1220 870 praemissam
1244 830 1511 868 Epigrammatibus
1534 828 1651 856 Erasmi
1674 827 1873 856 Roterodami.

318 880 419 908 Mense
443 878 602 908 Novembr.
626 878 784 916 praemittit
806 877 922 905 brevem
952 875 1161 913 praefationem
1187 873 1318 910 Dialogo
1350 872 1550 911 Mythologico
1578 870 1796 899 Bartholomaei
1817 868 2018 905 coloniensis,
2048 869 2098 906 qui
2126 867 2177 896 illo

163 929 292 961 tempore
312 933 349 951 ex
370 923 489 950 officina
508 921 661 950 Aushelmi
684 921 800 958 prodiit.

1016 1042 1170 1075 ANNO
1206 1041 1331 1073 1517.

319 1127 472 1156 Praefatur
494 1127 524 1154 in
550 1125 639 1162 „Osci
659 1131 687 1153 et
710 1125 812 1152 Volsci
836 1123 996 1160 dialogum,
1018 1122 1095 1150 ludis
1118 1122 1260 1150 Romanis
1284 1122 1411 1155 actum“,
1435 1119 1471 1148 ad
1491 1119 1694 1147 Hermannum
1714 1119 1848 1146 comitem
1872 1118 1907 1146 de
1932 1117 2062 1146 Nuenar.

320 1171 419 1199 Habet
437 1170 597 1198 orationem
623 1168 678 1204 „de
702 1167 813 1195 artibus
837 1166 1044 1201 liberalibus&
1068 1175 1143 1203 quae
1166 1165 1320 1202 Tubingae
1343 1172 1441 1191 mense
1467 1162 1543 1190 Iulio
1567 1162 1646 1200 apud
1676 1161 1867 1190 Anshelmum
1894 1160 2017 1198 prodiit,
2041 1160 2181 1196 iuscripta

165 1215 269 1244 {oanni
291 1212 425 1242 Stoflero.

319 1257 415 1284 Vertit
425 1257 455 1284 in
474 1255 603 1292 linguam
623 1254 743 1282 latinam
760 1258 787 1281 et
800 1253 889 1281 edidit
902 1252 1051 1280 Plutarchi
1071 1251 1271 1290 quaestionem
1291 1250 1326 1278 de
1348 1255 1417 1277 nota
1436 1248 1642 1287 Pythagorica,
1663 1257 1785 1285 eamque
1804 1247 1880 1275 dicat
1896 1246 2048 1275 Bernardo
2067 1245 2180 1274 Mauro.

321 1300 530 1337 Interpretatur
553 1298 683 1332 Aratum,
708 1302 735 1324 et
759 1301 868 1333 partem
893 1296 991 1333 operis
1013 1296 1108 1323 reddit
1127 1295 1218 1323 latino
1237 1294 1375 1321 carmine.

1017 1420 1172 1453 ANNO
1208 1419 1334 1452 1518.

323 1513 422 1540 Mense
441 1511 503 1540 Ian.
526 1511 613 1539 vertit
638 1510 786 1538 Plutarchi
810 1509 954 1538 libellum:
977 1509 1122 1547 quomodo
1146 1512 1279 1546 oporteat
1299 1506 1515 1536 adolescentem
1541 1506 1643 1534 audire
1666 1504 1822 1543 poemata?
1844 1505 1875 1533 in
1898 1504 2020 1532 latinam
2043 1503 2182 1542 linguam,

170 1566 244 1595 quae
266 1560 361 1584 autem
386 1555 480 1582 versio
499 1564 649 1591 nunquam
673 1553 781 1591 prodiit
803 1554 832 1580 in
856 1553 961 1581 lucem.

321 1598 479 1626 Wilibaldo
500 1597 701 1625 Pirkheimero
725 1606 789 1624 sese
820 1596 1019 1631 commendat,
1043 1596 1128 1633 cique
1151 1595 1239 1623 mittit
1264 1594 1348 1623 odam
1372 1602 1508 1631 graecam
1536 1592 1566 1620 in
1590 1592 1652 1621 eius
1678 1591 1792 1619 laudem
1818 1591 1966 1628 scriptam.
2010 1590 2183 1628 Respondet

167 1642 387 1672 Pirkheimerus
406 1650 547 1679 perquam
571 1640 734 1668 humaniter
758 1644 786 1667 et
807 1639 939 1667 hortatur
958 1639 1137 1677 Philippum,
1162 1648 1199 1666 ne
1223 1638 1299 1666 vires
1318 1636 1448 1675 corporis
1472 1635 1625 1665 exhauriat
1642 1635 1764 1663 nimium
1787 1643 1819 1663 se
1842 1634 1938 1662 dando
1961 1634 2073 1662 studiis.

321 1684 452 1713 Primum
477 1684 537 1712 edit
561 1683 777 1720 „institutiones
799 1683 1008 1720 grammaticae
1030 1683 1166 1719 graece“‚
1189 1680 1360 1710 Bernhardo
1383 1681 1487 1708 Mauro
1506 1679 1626 1707 dicatas.
1672 1676 1906 1706 Commentarios
1925 1677 1962 1705 de
1985 1676 2104 1715 syntaxi
2123 1685 2183 1705 non

167 1729 252 1758 simul
276 1728 380 1763 edidit,
404 1728 456 1756 sed
479 1728 605 1765 scriptos
628 1725 737 1754 Comiti
760 1725 865 1753 Novae
888 1726 1013 1762 Aquilae
1037 1726 1124 1755 misit.

322 1771 501 1799 Versabatur
525 1780 558 1798 eo
582 1775 713 1807 tempore
736 1769 766 1796 in
787 1769 883 1797 studio
904 1769 1107 1806 philosophiae
1131 1767 1345 1796 Aristotelicae.

322 1814 361 1842 D.
386 1814 434 1842 25.
458 1813 554 1851 April.
578 1813 759 1841 Reuchlinus
778 1813 882 1850 accipit
907 1812 1059 1850 epistolam
1082 1811 1224 1839 Friderici
1249 1810 1342 1838 Ducis
1365 1808 1476 1837 Saxon.
1501 1808 1663 1843 Electoris,
1695 1813 1753 1835 tum
1779 1808 1931 1844 Augustae
1961 1805 2180 1835 vindelicorum

168 1858 197 1885 in
217 1858 342 1886 comitiis
364 1857 481 1891 versati,
505 1857 533 1884 in
558 1866 616 1893 qua
639 1856 674 1883 ab
696 1866 730 1884 eo
754 1856 835 1892 petit,
858 1860 889 1883 ut
913 1856 1043 1883 nominet
1067 1855 1191 1892 aliquem
1211 1854 1303 1881 virum
1327 1854 1459 1888 doctum,
1484 1852 1533 1889 qui
1553 1856 1651 1889 posset
1675 1851 1786 1879 litteras
1809 1859 1931 1888 graecas
1962 1850 1990 1878 in
2020 1849 2182 1878 Academia

167 1910 221 1929 sua
244 1900 447 1937 Vitebergensi
470 1899 583 1927 docere.

324 1943 362 1970 D.
388 1944 415 1970 7.
439 1942 510 1970 Maii
532 1941 715 1969 Reuchlinus
738 1941 868 1979 Principi
892 1941 1019 1969 Electori
1043 1941 1200 1979 respondet
1223 1944 1250 1967 et
1271 1939 1441 1977 Philippum
1461 1938 1679 1966 Melanthomm
1703 1937 1894 1965 commendat.

323 1985 362 2015 D.
390 1985 437 2013 12.
459 1985 512 2012 Iul.
532 1985 700 2022 Philippus,
722 1994 755 2012 ea
778 1985 813 2012 de
837 1994 867 2012 re
887 1985 992 2013 certior
1016 1985 1125 2019 sactus,
1154 1983 1254 2012 scribit
1273 1981 1428 2020 Capnioui,
1453 1991 1483 2010 se
1504 1981 1626 2009 libenter
1648 1981 1755 2008 iturum
1780 1989 1843 2008 csse
1863 1979 2062 2018 Vitebergam.
2107 1979 2182 2007 Mul-

171 2034 266 2058 torum
286 2030 362 2057 enim
381 2029 533 2056 doctorum
552 2028 729 2056 Academiae
753 2027 892 2055 invidiam
915 2037 1002 2065 aegre
1025 2027 1143 2055 serebat.
1182 2027 1299 2054 Etenim
1318 2027 1348 2054 in
1372 2025 1497 2064 epistola
1516 2025 1553 2052 ad
1576 2024 1769 2052 Reuchlinum
1794 2023 1981 2051 Academiam
2001 2023 2183 2061 ergasterion

170 2073 310 2107 nominat,
334 2072 460 2109 dicitque
483 2080 514 2100 se
532 2072 606 2099 inter
628 2080 733 2108 pueros
755 2080 970 2108 repuerascere.
1017 2071 1155 2099 Metuisse
1177 2070 1231 2098 sibi
1256 2070 1390 2097 videntur
1409 2069 1527 2106 quidam
1549 2068 1693 2102 doctores,
1717 2076 1753 2094 ne
1777 2076 1830 2094 sua
1858 2066 1978 2094 nomina
2006 2075 2024 2094 a
2052 2066 2184 2104 Philippi

173 2116 306 2144 doctrina
329 2119 542 2152 superarentur.
589 2114 647 2142 Hic
667 2114 743 2141 enim
763 2114 791 2141 in
818 2123 862 2151 ep.
886 2115 924 2142 ai
947 2113 1211 2151 Baumgartnerum
1235 2113 1263 2141 d.
1291 2115 1316 2140 l.
1343 2112 1420 2140 Nov.
1444 2112 1521 2140 1524
1544 2111 1599 2139 hoc
1622 2111 1684 2148 ipse
1707 2109 1842 2138 indicavit
1868 2109 1914 2138 his
1937 2109 2047 2137 verbis:
2074 2109 2184 2145 „Eram

173 2159 355 2196 (Tubingae)
380 2159 409 2185 in
434 2168 468 2185 ea
490 2157 591 2186 schola
611 2162 753 2192 versatus,
772 2157 820 2184 ubi
844 2157 966 2194 capitale
986 2162 1056 2192 erat,
1077 2158 1218 2194 attingere
1241 2156 1345 2184 melius
1367 2156 1509 2183 litteras.“
1556 2154 1674 2182 Editum
1698 2153 1837 2180 habemus
1859 2153 1903 2189 (in
1929 2153 1984 2180 den
2006 2151 2184 2180 Unschuldi-

173 2212 229 2240 gen
251 2201 451 2230 Nachrichten
470 2211 495 2229 a.
524 2201 612 2229 1730.
636 2210 663 2237 p.
689 2201 775 2236 355.)
799 2200 987 2237 epigramma,
1010 2201 1087 2237 quod
1110 2200 1146 2227 ab
1169 2199 1293 2228 inimicis
1317 2198 1445 2236 Philippi
1468 2198 1523 2225 hoc
1546 2202 1675 2234 tempore
1699 2197 1806 2224 factum
1828 2196 1934 2224 dicitur
1956 2195 2028 2223 hoc:

584 2252 661 2289 Phy
684 2256 754 2280 nota
776 2251 904 2280 foetoris.
949 2251 1085 2289 Lippus
1108 2256 1194 2280 nocet
1216 2251 1350 2279 omnibus
1368 2250 1458 2279 horis.

584 2295 661 2333 Phy
684 2298 771 2322 nocet
793 2299 821 2322 et
842 2293 999 2332 Lippus:
1023 2299 1108 2323 nocet
1130 2294 1264 2322 omnibus
1287 2303 1356 2332 ergo
1380 2293 1584 2330 Philippus.

173 2347 261 2383 Quod
283 2347 308 2375 si
329 2347 374 2375 vel
394 2347 526 2374 videatur
548 2346 646 2385 potius
670 2346 765 2374 Flacii
789 2355 932 2374 venenum
956 2355 1037 2381 esse,
1061 2355 1147 2383 quam
1169 2346 1296 2374 doctoris
1319 2345 1530 2383 Tubingensis,
1554 2349 1650 2371 tamen
1674 2346 1782 2370 certum
1808 2346 1867 2376 est,
1895 2340 2090 2370 Reuchlinum
2110 2340 2185 2369 iudi-

173 2399 269 2425 casse,
292 2390 430 2418 invidiam
454 2390 605 2418 doctorum
630 2389 766 2427 Philippo
790 2389 915 2417 futuram
940 2398 1003 2417 esse
1026 2389 1245 2426 impedimento,
1265 2398 1321 2426 quo
1344 2389 1440 2416 minus
1458 2388 1494 2416 ad
1516 2387 1611 2415 locum
1635 2386 1766 2414 altiorem
1790 2385 1942 2419 evehatur,
1971 2384 2095 2421 ideoque
2118 2392 2184 2412 sua-

172 2434 260 2468 sisse,
284 2437 317 2461 ut
339 2433 526 2469 Vitebergam
548 2434 693 2470 migraret.

327 2475 366 2504 D.
394 2475 442 2503 24.
467 2475 520 2503 Iul.
550 2475 731 2504 Reuchlinus
761 2474 899 2512 Philippo
928 2474 1017 2503 mittit
1047 2474 1189 2503 Electoris
1218 2475 1345 2509 litteras,
1370 2474 1474 2511 quibus
1498 2477 1617 2501 vocatur
1648 2471 1852 2508 Vitebergam,
1883 2475 1914 2498 ut
1939 2470 2045 2498 doceat
2072 2470 2185 2499 litteras

172 2527 293 2557 graecas
317 2528 440 2555 eumque
463 2519 608 2553 hortatur,
632 2524 662 2546 ut
684 2519 797 2555 migret.

328 2562 418 2589 Mittit
440 2561 596 2596 Frobenio,
619 2561 792 2599 bibliopolae
818 2560 980 2589 Basileensi
998 2560 1150 2589 Plutarchi
1173 2561 1324 2598 quaedam,
1345 2569 1419 2598 quae
1437 2560 1528 2587 latine
1547 2558 1721 2595 reddiderat,
1741 2556 1881 2593 inscripta
1900 2556 2050 2584 Bernardo
2070 2556 2184 2591 Mauro,

172 2615 248 2642 quae
269 2614 368 2634 mense
391 2603 470 2642 Sept.
494 2605 673 2642 prodierunt.

1929 2657 1977 2682 A·
