2299 2921
115 130 178 164 131

766 127 951 161 PHILIPPI
973 125 1292 159 MELANTHONIS
1316 125 1477 158 OPERA.
2075 130 2138 162 132

120 225 198 264 Sept.
230 226 278 255 26.
302 226 427 254 Mittitur
459 226 638 254 Melanthoni
673 226 709 252 ab
742 225 809 252 aula
841 224 985 251 moetoris
1022 222 1146 251 Sarcerii
1179 231 1315 260 magnum
1357 222 1509 257 volumen⁷
1551 228 1582 251 ut
1620 232 1704 251 suum
1742 224 1778 252 de
1813 233 1847 253 eo
1880 225 2017 254 iudicium
2052 225 2136 254 aulae

120 355 184 383 Oct.

117 695 148 724 N
151 705 196 724 ov.

118 994 191 1024 Dec.

119 1379 182 1409 Ian.

120 1678 206 1709 Febr.

121 1938 205 1966 Mart.

127 2367 222 2405 April.

130 2581 196 2609 Mai.

235 311 283 340 27.

259 357 284 383 1.

257 397 283 425 2.

259 440 285 468 8.

236 483 283 511 13.

239 525 287 552 23.

235 568 284 596 25.

235 609 281 638 26.

253 696 280 723 9.

229 781 281 810 ἸΟ.

235 825 281 851 11.

232 867 279 895 19.

234 909 283 937 29.

258 996 282 1023 1.

253 1039 280 1066 9.

237 1083 283 1109 11.

233 1123 281 1151 22.

234 1166 282 1195 25.

238 1466 284 1494 10.

238 1508 284 1537 18.

236 1807 284 1837 23.

237 1851 284 1879 25.

243 2110 288 2137 13.

242 2152 288 2180 16.

243 2195 278 2222 27

244 2325 293 2353 30.

245 2453 291 2481 18.

245 2495 292 2523 19.

243 2538 291 2566 27.

342 269 495 307 significet.

308 311 434 340 Sabinus
458 316 500 339 est
530 311 712 346 Vitebergae.

309 354 377 382 Mel.
401 353 548 391 praefatur
567 353 596 380 in
616 352 700 380 Tom.
721 350 788 379 VII.
809 361 877 388 opp.
903 349 1025 378 Lutheri
1049 350 1206 379 latinorum
1228 352 1265 379 ad
1289 350 1471 387 Barnimum,
1494 350 1606 379 Ducem
1629 350 1829 381 pomeraniae.

308 396 439 433 Lipsiam
462 395 655 433 proficiscitur
678 395 713 422 ad
737 394 890 421 nundinas.

310 439 458 466 Peucerus
483 443 509 465 et
533 437 719 466 Camerarius
742 436 958 473 Nor-inbergam
982 435 1212 473 proficiscuntur.

308 482 395 509 Mittit
418 482 563 517 Augusto,
587 480 662 517 Regi
681 480 833 514 Poloniae,
856 478 1020 515 exemplum
1045 478 1247 508 Confessionis
1271 478 1444 508 Saxonicae.

312 523 385 551 Loci
409 523 567 560 theologici
590 523 749 559 germanici
767 523 871 550 iterum
896 522 1028 549 eduntur.

309 565 415 594 Scribit
427 566 652 604 propositiones,
666 566 701 593 de
714 565 818 602 quibus
831 562 957 592 Conrad.
970 563 1085 592 Becker
1095 564 1211 602 publice
1229 571 1271 593 est
1284 565 1492 602 disputaturus.

306 609 512 646 Pfeffingerus,
535 608 642 637 Pastor
662 607 836 645 Lipsiensis,
858 607 1034 644 Vitebergae
1053 612 1097 636 est
1119 608 1148 635 in
1172 616 1261 636 causa
1290 608 1386 636 Pacei.

300 650 451 680 Sententia
470 651 723 688 Vitebergeusium
747 651 782 678 de
806 651 911 678 Paceo.

305 693 400 722 Nicol.
426 692 577 729 Gallus,
600 694 705 722 Pastor
728 693 962 727 Ratisbonensis,
986 692 1086 720 scribit
1105 693 1142 720 ad
1161 693 1380 721 Melanthonem
1403 693 1439 721 de
1462 693 1553 721 libero
1584 693 1710 722 arbitrio.

309 736 445 771 Sabinus.
470 737 665 764 Melanthonis
687 745 786 773 gener,
809 741 962 763 revocatur
984 735 1015 762 in
1039 736 1228 764 Academiam
1251 735 1525 772 Regiomontanam,
1556 741 1641 764 aucto
1665 737 1819 773 stipendio.

308 780 478 808 Melanthon
502 780 723 807 concionatores
742 781 933 815 Augustanos
954 784 1061 812 monet,
1084 788 1120 806 ne
1142 779 1275 806 rixentur
1296 779 1332 806 de
1355 788 1445 806 coena
1468 789 1491 806 s.

306 822 430 850 Ioannes
449 832 466 849 a
488 822 585 850 Lasko
609 828 652 850 est
674 822 858 858 Vitebergae‚
884 821 1068 858 profecturus
1090 821 1118 848 in
1140 821 1300 849 Poloniam.
1340 820 1398 858 (Cf.
1424 831 1468 858 ep.
1491 821 1518 848 d.
1544 820 1591 848 21.
1615 820 1708 856 Nov.)

305 865 475 893 Melanthon
499 865 629 892 hortatur
651 864 873 898 Wessalienses,
898 868 930 892 ut
952 864 1105 892 admittant
1129 864 1230 892 exules
1256 874 1292 892 ex
1316 863 1432 901 Anglia.

307 907 433 936 Comitia
462 908 576 944 imperii
605 907 795 940 Ratisbonae,
830 908 858 934 in
892 907 996 944 quibus
1030 907 1203 941 decernitur,
1234 916 1341 935 novum
1376 906 1551 943 colloquium
1582 906 1654 934 inter
1683 905 1855 934 Catholicos
1877 911 1904 933 et
1934 905 2133 936 Protestanoes

341 951 520 979 Wormatiae
542 950 751 979 instituendum
774 959 846 978 esse.

309 994 478 1022 Melanthon
498 994 655 1031 respondet
678 994 714 1021 ad
734 991 814 1021 Galli
839 1003 883 1030 ep.
904 993 930 1021 d.
955 993 983 1020 d.
1007 993 1033 1021 9.
1058 991 1137 1020 Nov-

304 1036 409 1066 Scribit
432 1037 467 1064 ad
493 1036 655 1071 Albertum,
676 1035 788 1064 Ducem
813 1035 1072 1073 Megapolitanum,
1095 1036 1130 1063 de
1153 1045 1225 1073 pace
1247 1035 1381 1062 facienda
1405 1044 1470 1062 cum
1496 1033 1654 1062 Flacianis.

308 1080 375 1108 Mel.
400 1080 437 1107 ad
460 1079 610 1117 epistolam
624 1079 767 1113 Werneri,
790 1079 883 1106 Flacii
904 1078 1016 1106 monitu
1039 1078 1188 1116 scriptam,
1210 1079 1333 1115 ingenue
1353 1081 1379 1105 et
1401 1077 1529 1114 graviter
1552 1076 1718 1114 respondet.

305 1122 429 1151 Senatus
447 1122 614 1150 Bremensis
637 1122 760 1150 consulit
788 1121 954 1158 Theologos
977 1120 1202 1158 Vitebergenses
1227 1121 1262 1149 de
1286 1120 1483 1148 controversia
1505 1120 1541 1147 de
1559 1129 1581 1147 s.
1607 1128 1706 1147 coena.

309 1166 451 1194 Nicolaus
475 1164 580 1193 Gallus
602 1166 721 1193 alteram
753 1165 853 1193 scribit
875 1164 911 1192 ar]
935 1163 1152 1192 Melanthonem
1176 1164 1327 1201 epistolam
1347 1163 1383 1190 de
1405 1172 1457 1191 sua
1482 1162 1689 1191 controversia.

957 1288 1284 1320 ANN01557.

313 1380 432 1407 Ineunte
453 1388 529 1406 anno
551 1378 649 1406 scribit
671 1377 809 1405 iudicium
833 1377 868 1404 de
892 1376 1038 1413 colloquio
1063 1385 1127 1404 cum
1151 1375 1313 1405 Catholicis
1336 1375 1483 1403 habendo.

279 1445 284 1450 .
309 1421 356 1450 De
378 1422 587 1450 intercessione
610 1418 718 1448 Christi
743 1420 845 1449 scribit
866 1419 1084 1448 Buchholzero.

309 1465 452 1502 Theologi
471 1464 696 1500 Vitebergenses
718 1463 896 1500 respondent
918 1460 1039 1490 Senatui
1062 1462 1214 1490 Bremensi
1237 1462 1272 1489 de
1295 1460 1495 1489 controversia
1518 1460 1554 1487 de
1578 1467 1662 1488 sacra
1685 1468 1785 1487 coena.

308 1507 344 1536 D.
374 1506 517 1536 18-28,
540 1506 668 1534 Ianuarii
691 1506 780 1544 legati
804 1506 1003 1534 Ecclesiarum
1015 1503 1162 1534 Saxoniae
1184 1504 1346 1539 inferioris,
1372 1503 1471 1542 [videl.
1500 1502 1668 1531 Ioachimus
1688 1501 1854 1540 Westphal,
1877 1501 1976 1530 Ioach.
1990 1501 2132 1530 Morlinus

343 1550 573 1582 Brunsvicmsis,
598 1549 707 1579 Paulus
731 1550 767 1577 ab
791 1549 896 1577 Eitzen
920 1548 1170 1586 Hamburgensis,
1193 1548 1367 1576 Valentinus
1391 1545 1510 1574 Curtius
1533 1545 1658 1582 (Korte)
1679 1544 1859 1573 Lubecensis
1889 1544 2020 1582 aliique],
2050 1544 2131 1572 missi

343 1593 483 1627 aFlacio,
508 1592 652 1630 Cosvigae
676 1593 862 1627 conveniunt,
887 1591 1154 1620 cumMelanthonc
1177 1596 1268 1628 agunt
1290 1591 1326 1619 de
1349 1599 1421 1627 pace
1440 1589 1584 1623 facienda,
1610 1589 1694 1625 eique
1718 1588 1899 1616 conditiones
1917 1588 1999 1625 pacis
2019 1591 2046 1616 et
2064 1596 2132 1616 con-

344 1637 499 1664 fessionem
524 1635 722 1674 praescribere
746 1640 895 1664 conantur.

281 1702 287 1708 .
312 1679 481 1708 Melanthon
504 1678 653 1716 praefatur
675 1679 705 1706 in
728 1678 853 1706 Palladii
877 1678 1023 1715 Isagogen
1046 1677 1082 1705 ad
1105 1677 1197 1706 libros
1220 1676 1406 1714 propheticos
1430 1680 1458 1702 et
1481 1673 1667 1712 apostolicos.

308 1723 379 1751 Post
406 1722 451 1750 12.
477 1722 562 1750 Febr.
588 1721 758 1750 Melanthon
786 1731 848 1750 cum
879 1720 960 1750 Iusto
985 1720 1082 1748 Menio
1106 1719 1279 1749 Dessaviam
1303 1718 1509 1757 proficiscitur,
1544 1722 1574 1745 ut
1597 1716 1697 1745 Menio
1719 1716 1759 1744 ibi
1782 1715 1876 1745 locum
1901 1720 2029 1753 quaerat,
2053 1715 2129 1752 quod

346 1775 413 1793 vero
438 1766 462 1793 ei
487 1774 544 1793 non
569 1765 698 1801 contigit.

310 1808 481 1835 Melanthon
504 1807 691 1843 Vitebergam
714 1808 795 1835 redit.
820 1825 859 1827 ——
883 1807 1059 1834 Valetudine
1082 1806 1202 1834 laborat.

309 1851 481 1888 Respondet
503 1850 641 1884 Alberto,
666 1849 743 1877 Duci
768 1849 1001 1887 Megapolitano,
1028 1849 1077 1886 qui
1104 1847 1266 1886 Georgium
1294 1847 1436 1875 Venetum
1462 1851 1489 1873 et
1512 1845 1635 1882 Mylium
1659 1844 1856 1879 secretarium,
1878 1844 1991 1882 legatos
2013 1844 2132 1872 miserat

344 1894 540 1930 Vitebergam,
566 1898 593 1920 ut
618 1902 718 1930 pacem
742 1893 895 1920 restituere
918 1893 995 1920 inter
1014 1891 1230 1919 Melanthonem
1254 1895 1282 1918 et
1303 1889 1461 1918 Flacianos
1485 1889 1642 1916 studerent.

281 1960 288 1966 .
313 1937 399 1964 Mittit
423 1937 584 1964 orationem
606 1936 784 1970 Ernesto,
807 1934 892 1963 Duce
914 1934 1080 1971 Luneburg.

310 1980 461 2008 Accedunt
482 1980 519 2007 ad
542 1979 760 2006 Melanthonem
784 1978 920 2006 Pastores
942 1978 1118 2006 Dresdensis
1147 1982 1173 2004 et
1196 1975 1419 2013 Torgaviensis,
1449 1973 1529 2001 missi
1552 1973 1588 2001 ab
1611 1974 1734 2010 August.
1760 1971 1809 2001 Pr.
1832 1971 1988 2006 Electore,
2019 1976 2051 1999 ut
2069 1971 2132 1999 Me-

347 2022 514 2050 lanthonem
538 2021 722 2050 consolentur
745 2022 780 2049 de
804 2021 1052 2049 criminationibus
1071 2019 1283 2048 Flacianorum.
1328 2017 1387 2053 (Cf.
1408 2026 1452 2054 ep.
1472 2017 1498 2044 d.
1519 2016 1546 2044 8.
1567 2016 1668 2049 Mart.)

284 2088 289 2094 .
314 2065 458 2093 Indictum
482 2070 523 2093 est
543 2064 720 2102 colloquium
745 2064 925 2092 Wormatiae
947 2063 1121 2091 habendum.

313 2109 379 2136 Mel.
404 2109 504 2137 scribit
526 2109 562 2136 ad
584 2108 804 2135 concionatores
827 2105 1020 2134 Stettinenses
1043 2106 1079 2133 de
1103 2104 1287 2133 confessione
1310 2103 1460 2139 Amopaei.

312 2151 466 2180 Finiuntur
489 2151 604 2188 imperii
627 2150 745 2178 comitia
766 2149 946 2178 Ratisbonae
968 2149 1037 2177 inde
1058 2158 1075 2176 a
1097 2156 1196 2176 mense
1220 2147 1303 2175 Iunio
1330 2145 1420 2174 1556.
1444 2145 1552 2172 habita.

285 2218 290 2223 .
316 2194 487 2223 Melanthon
510 2194 628 2231 Lipsiae
651 2199 694 2222 est
717 2193 753 2220 ad
777 2192 972 2230 explorandos
994 2190 1200 2224 scholasticos,
1223 2190 1273 2227 qui
1292 2188 1444 2226 stipendiis
1467 2187 1592 2216 aluntur.

317 2238 445 2266 Vocatur
469 2247 485 2264 a
508 2237 644 2274 Principe
665 2236 800 2264 Palatino
822 2234 1050 2272 Heidelbergam
1072 2239 1102 2262 ut
1126 2234 1161 2261 de
1185 2232 1337 2261 academia
1359 2231 1508 2265 deliberet,
1532 2230 1609 2266 quod
1632 2229 1687 2257 iter
1710 2228 1746 2256 ab
1769 2227 1836 2255 aula
1853 2226 1999 2255 Electoris
2023 2226 2049 2253 ei
2071 2234 2131 2253 non

349 2281 521 2318 permissum
544 2285 594 2308 est.
642 2279 721 2316 (vid.
743 2288 787 2316 ep.
812 2279 838 2307 d.
867 2279 913 2306 18.
935 2280 1022 2315 Apr.)

317 2324 488 2352 Melanthon
511 2322 583 2351 redit
608 2322 803 2359 Vitebergam.

289 2388 294 2394 .
318 2366 451 2394 Flaciani
475 2367 564 2394 edunt
586 2371 650 2393 acta
673 2364 862 2394 Cosvicensia
884 2362 1083 2400 Magdeburgi.

245 2411 292 2438 10.

315 2409 484 2437 Melanthon
508 2410 637 2446 disputat
657 2408 797 2436 adversus
819 2406 986 2435 Thammeri
1009 2413 1129 2434 errores.

315 2453 467 2480 Praefatur
489 2453 519 2479 in
543 2451 638 2480 {Botf’e
661 2450 845 2487 &tofinrebigt
864 2450 928 2479 siber
947 2450 992 2478 ber
1011 2448 1168 2484 ’Begtdbnifi
1188 2447 1263 2480 {31:011
1284 2447 1425 2483 aerigitten
1449 2452 1502 2475 von
1521 2445 1629 2481 amitis.

316 2495 417 2523 Tertia
441 2494 563 2532 epistola
584 2494 681 2522 Nicol.
707 2492 787 2521 Galli
808 2494 843 2521 ad
868 2492 1093 2520 Melanthonem.

316 2537 433 2565 Plaeius
456 2538 591 2574 Illyricas
615 2541 733 2564 vocatur
756 2537 786 2564 in
807 2535 995 2564 Academiam
1018 2533 1182 2562 Ienensem.

287 2604 291 2609 .
317 2580 384 2608 Mel.
410 2580 554 2617 praefatur
577 2581 606 2607 in
630 2579 741 2607 Huberi
766 2581 983 2616 epigrammata.
