2299 2921
136 100 201 132 245

136 194 338 227 Benedicto
361 198 490 236 (Seniori
516 200 722 237 Valdensium)
747 205 783 228 et
806 200 1074 229 Valdensibus:

179 238 335 276 Existimo,
356 242 401 269 vir
423 242 538 277 eximie,
555 242 666 272 fratres.
691 242 731 278 II,
756 244 826 272 854.

135 280 356 319 Benedicto,
379 284 546 312 Erasmo:

179 325 306 355 Conscia
327 336 424 362 mens,
446 331 486 355 ut.
510 326 565 361 VI,
589 326 659 356 861.

179 368 228 396 Ex
250 369 416 397 narratione
437 369 596 397 Zachariae
618 378 686 399 non.
717 369 786 406 VII,
812 370 882 400 814.

179 410 250 440 Non
273 412 371 440 dubito
394 412 517 449 patriam
540 416 628 440 tuam.
652 411 706 447 VI,
731 413 802 443 653.

178 453 317 482 Probabit
338 454 493 483 consilium
512 459 601 484 tuum.
627 454 696 490 VII,
722 455 770 485 10.

135 494 247 534 Berg,
270 497 446 526 Andreae
473 507 505 525 a:

178 538 272 568 Filius
294 540 351 568 Dei
375 557 416 561 -—
438 540 526 568 alicui
549 540 663 569 tribuet.
687 539 743 575 IX,
764 540 835 571 985.

135 581 247 619 Berg,
270 582 403 612 Ioanni
433 593 464 610 a:

178 625 243 653 Etsi
267 626 413 655 exercitus
432 623 530 654 Caroli
552 624 750 662 Imperatoris.
780 625 832 661 VI,
858 626 927 655 552.

178 668 242 696 Etsi
265 668 434 706 magnitudo
458 667 639 696 calamitatis.
662 667 716 704 VI,
739 669 810 698 555.

135 709 272 747 Berge,
294 710 482 739 Ioachimo
510 720 541 738 a:

346 103 385 135 11.
408 104 595 138 INDICES.
638 104 678 137 H.
702 103 843 137 INDEX
864 103 1059 137 EPISTOL.
1082 103 1194 137 PHIL.
1216 103 1320 136 MEL.
1342 105 1683 141 ALPHABETICUS
1702 109 1788 142 PER
1810 110 1952 145 1N1T1A.

179 751 240 781 Oro
256 751 362 788 Deum,
375 770 418 774 —
430 758 458 781 et
477 753 551 781 hanc
569 758 648 781 tuam
667 754 938 791 peregrinationem.
964 753 1020 791 IX,
1043 754 1113 784 182.

134 793 387 831 Bernbeckio,
411 796 526 825 Frid.:

179 837 253 867 Cum
276 838 386 867 Paulus
409 843 506 867 noster
530 844 557 866 et
581 839 633 868 tui.
664 838 718 874 VI,
743 839 815 869 675.

135 879 351 916 Bernstein,
375 881 509 909 Ioanni
534 891 566 909 a:

179 923 287 952 Precor
305 924 400 952 Deum
420 928 460 953 ut.
491 923 547 959 III,
572 925 643 954 485.

135 964 265 1002 Bernt,
286 967 494 995 Ambrosio:

179 1007 252 1044 Scis,
275 1010 315 1037 mi
339 1011 387 1044 A.,
412 1018 471 1037 non
495 1009 608 1038 cadere.
643 1008 700 1043 HI,
725 1009 798 1039 872.

134 1049 455 1080 Berolinensibus
479 1051 839 1080 concionatoribus:

179 1094 236 1122 Dei
260 1095 400 1122 beneficio
429 1095 459 1122 in
487 1094 533 1121 his
561 1094 729 1130 regionibus
753 1094 916 1123 mediocnis.
949 1093 1018 1127 VII,
1042 1094 1113 1125 465.

179 1136 259 1165 Sicut
279 1138 340 1174 ipsc
362 1137 448 1166 filiuS.
472 1135 541 1171 VII,
566 1136 636 1166 299.

134 1179 310 1214 Besoldo,
333 1179 575 1216 Hieronymo:

177 1223 225 1250 Ad
248 1222 384 1250 Iacobum
407 1222 555 1258 Rungium
576 1222 650 1251 misi.
681 1221 766 1257 VIII,
787 1222 856 1250 761).

177 1264 250 1293 Cum
275 1266 482 1302 Appenninum
504 1265 645 1293 transivit.
669 1264 739 1299 ΥΙΙ,
762 1266 852 1294 1101.

178 1306 251 1336 Cum
271 1307 384 1335 Doctor
406 1306 581 1335 Laurentius
604 1306 775 1336 Lindeman.
800 1307 886 1343 VIII,
911 1308 980 1337 876,

176 1350 316 1378 Defensio
339 1350 416 1378 edita
440 1356 482 1378 est
505 1349 712 1379 Stenckfeldio.
738 1349 795 1385 IX,
823 1351 890 1380 173.

176 1392 324 1421 Delectari
346 1398 374 1420 te
398 1402 513 1430 quoque
536 1393 599 1421 hac.
625 1392 694 1425 VII,
715 1393 785 1422 953.

177 1435 241 1463 Deo
270 1436 380 1473 gratias
408 1445 474 1472 ago,
499 1436 576 1472 quod
599 1435 752 1472 Principes
775 1436 934 1465 Palatinos.
959 1435 1015 1471 IX,
1041 1437 1111 1466 898.

176 1477 271 1506 Deum
294 1483 442 1506 aeternum
466 1496 508 1500 —
531 1487 592 1512 oro,
612 1482 643 1505 ut
665 1479 815 1515 gubernet.
841 1478 893 1515 VI,
918 1480 989 1508 787.

174 1521 240 1558 Ego
264 1530 380 1558 quoque
402 1530 460 1548 non
484 1521 550 1550 alia.
574 1519 642 1557 VII,
666 1522 736 1550 515.

175 1564 239 1592 Etsi
262 1563 343 1592 Deus
366 1564 493 1591 orandus
517 1568 568 1593 cst.
592 1562 662 1598 ΥΠ,
686 1564 755 1593 340,

175 1607 239 1634 Etsi
261 1607 306 1634 his
329 1606 430 1634 diebus
450 1616 524 1635 cum.
550 1605 619 1640 VII,
639 1607 710 1635 547.

173 1649 238 1677 Etsi
261 1659 319 1677 non
342 1649 469 1684 memini,
493 1654 632 1686 quantum
656 1643 796 1678 debuerit.
822 1649 875 1685 VI,
899 1651 969 1679 417.

174 1692 237 1720 Etsi
259 1692 366 1720 nuncio
387 1692 515 1720 daturus.
539 1691 623 1727 VIII,
644 1692 714 1720 482.

173 1735 318 1763 Existimo
341 1743 500 1772 congruere
523 1739 659 1763 mentem.
684 1733 741 1769 IX,
766 1735 837 1763 805.

173 1777 259 1805 Hanc
288 1778 439 1814 epistolam
463 1778 565 1815 scripsi
594 1778 641 1805 die
667 1777 694 1805 6.
720 1778 855 1815 Augusti.
882 1777 967 1813 VIII,
994 1779 1062 1807 134.

172 1819 246 1856 Legi
270 1820 407 1856 scriptum
430 1819 556 1848 Palatini
580 1819 756 1856 Wolsgangi.
782 1820 867 1856 VIII,
887 1822 957 1851 817.

172 1862 345 1899 Magnitudo
368 1872 466 1891 earum
494 1872 599 1892 rerum.
636 1862 704 1897 VH,
733 1863 803 1892 726.

172 1905 331 1933 Meministi
354 1906 461 1933 dictum
483 1905 657 1934 Salomonis.
688 1905 774 1941 VIII,
796 1907 845 1936 90.

171 1948 339 1982 Meministi,
362 1948 476 1985 opinor,
499 1957 585 1985 saepe
608 1957 663 1977 me.
687 1948 741 1984 VI,
765 1950 836 1978 363.

171 1991 255 2018 Mitto
279 1990 361 2018 vobis
385 1990 525 2028 pagellas,
548 1992 578 2018 in
602 1991 714 2028 quibus.
740 1991 796 2027 IX,
821 1993 891 2022 671.

171 2033 260 2061 Nunc
283 2033 453 2061 fasciculum
477 2033 633 2062 literarum.
658 2034 712 2069 VI,
737 2035 806 2064 593.

171 2075 232 2104 Oro
256 2076 347 2104 filium
369 2093 411 2097 —
433 2075 508 2104 Urbi
532 2082 653 2105 vestrae.
678 2077 763 2112 VIII,
788 2077 859 2107 425.

172 2118 258 2154 Quod
281 2119 358 2147 filius
381 2117 437 2146 Dei
460 2124 532 2148 orat.
554 2119 623 2155 VH,
647 2120 719 2150 976,

171 2162 286 2191 Recitat
309 2170 423 2190 versum
449 2162 645 2199 Empedoclis,
680 2162 765 2198 VIII,
791 2164 860 2193 164.

169 2203 233 2233 Scis
251 2205 322 2241 ipse,
346 2214 383 2232 ex
406 2205 520 2242 quibus.
545 2204 598 2240 VI,
623 2207 693 2236 661.

169 2245 233 2275 Scis
254 2256 299 2274 me
321 2256 408 2284 saepe
430 2248 553 2275 recitare
576 2249 683 2277 dictum
707 2247 864 2279 Siracidae.
889 2248 959 2284 VII,
985 2251 1065 2280 1076

169 2288 275 2318 Scribit
297 2289 334 2317 ad
352 2299 406 2318 nos
427 2300 480 2318 sua
502 2300 589 2319 manu
612 2292 682 2320 Dux
704 2292 884 2322 Prussiacus.
908 2292 978 2329 VH,
1003 2294 1063 2324 828

169 2330 290 2369 Scripsit
313 2332 383 2360 mihi
406 2334 540 2370 privatim
563 2334 688 2365 Flaeius.
713 2334 799 2370 VIII,
823 2336 893 2366 845.

168 2374 287 2412 Semper
308 2375 391 2402 nobis
414 2380 441 2403 et
462 2376 492 2404 in
516 2377 582 2407 vita.
608 2378 692 2413 VIII,
717 2378 788 2408 618.

168 2417 200 2447 Si
219 2427 299 2446 meae
321 2418 521 2454 tranquillitati
541 2422 707 2459 praecipue.
740 2421 809 2456 VII,
834 2423 903 2452 139.

167 2460 319 2490 Silentium
342 2465 422 2488 tuum
445 2462 507 2491 etsi.
532 2463 584 2497 VI,
609 2465 678 2493 370.

166 2503 270 2531 Talem
292 2512 355 2532 csse
374 2503 471 2533 vitam.
496 2504 565 2541 VII,
590 2507 660 2536 986,

167 2546 260 2577 Valde
282 2551 309 2574 te
327 2555 388 2581 oro,
412 2551 443 2573 ut
465 2547 596 2579 Bartum.
621 2549 690 2585 VII,
710 2550 780 2579 545.

1131 1639 1140 1907 Ι

1129 1915 1135 2137 1

1067 2146 1132 2350 ..1

1125 2351 1131 2573 ι

2083 113 2150 144 246

1208 200 1288 229 Vera
1309 202 1474 229 reverentia
1497 206 1532 230 et.
1554 202 1607 238 VI,
1632 205 1703 233 577.

1206 242 1300 271 Vetus
1322 243 1395 271 illud
1417 253 1504 282 saepe
1527 245 1606 275 mihi.
1630 246 1716 282 VIII,
1741 247 1791 278 24.

1208 285 1303 314 Video
1325 286 1432 315 multas
1454 287 1599 318 honestas.
1629 288 1697 325 VII,
1721 290 1792 320 229.

1208 326 1336 358 Μοῦσαι
1355 330 1409 367 μὲν
1434 329 1520 359 Θεαὶ.
1544 331 1597 366 VI,
1617 332 1689 362 596.

1166 371 1370 407 Billicano,
1393 373 1611 402 Theobaldo
1635 378 1693 412 (pr.
1719 373 1954 414 Gerlacher):

1209 413 1311 442 Nolim
1328 419 1357 442 te
1378 415 1527 446 brevitate.
1551 416 1575 452 I,
1602 418 1694 448 1111.

1165 455 1341 493 Birgero,
1365 457 1463 488 Nic.:

1207 497 1279 527 Ideo
1301 499 1436 529 humanis
1458 502 1631 539 pectoribus.
1655 502 1740 539 VIII,
1765 503 1836 533 217.

1164 540 1369 578 Birnstiel,
1393 543 1458 573 Io.:

1208 583 1272 612 Etsi
1295 586 1472 621 rationabar,
1495 592 1523 615 tc
1541 588 1598 616 iam
1620 589 1684 618 iter.
1715 588 1768 624 VI,
1790 590 1861 619 719.

1164 625 1367 663 Birnstiel,
1391 626 1627 659 Sebastiano:

1208 668 1316 697 Filium
1339 670 1397 698 Dei
1419 672 1566 701 sedentem
1590 674 1627 701 ad
1648 690 1698 703 —.
1718 673 1765 703 De
1788 675 1980 706 ordinatione.
2006 676 2145 713 VI‚737.

1210 711 1330 740 Nollem
1348 717 1376 741 te
1396 714 1489 744 initio.
1514 715 1551 750 V,
1576 717 1646 746 563.

1166 753 1368 790 Blaurero,
1391 757 1602 786 Ambrosio:

1210 796 1333 826 Iamne?
1357 798 1444 827 homo
1468 800 1616 838 eloquens.
1641 801 1666 837 I,
1687 803 1715 832 7.

1167 839 1344 876 Blesano,
1368 841 1493 870 Petro:

1209 881 1257 910 Ex
1281 893 1315 911 ea
1339 884 1471 921 epistola.
1497 885 1566 921 VII,
1592 886 1662 916 291.

1167 924 1285 960 Bock,
1305 925 1529 965 Wolfgango
1552 939 1584 957 a:

1211 966 1283 996 Non
1304 968 1398 996 habeo
1421 972 1596 1008 exemplum.
1620 972 1673 1007 IV,
1702 973 1794 1003 1036.

1167 1007 1408 1048 Boettigero,
1432 1012 1561 1042 Ioanni
1586 1014 1800 1052 (Pottichero):

1211 1051 1404 1082 Consolemur
1424 1063 1478 1083 nos
1501 1066 1571 1085 voce
1591 1057 1697 1086 divina.
1722 1056 1778 1093 IX,
1804 1059 1875 1088 519.

1210 1093 1285 1123 Cum
1308 1096 1338 1123 in
1358 1096 1491 1125 Mariana
1514 1099 1623 1129 schola.
1647 1099 1732 1134 VIII,
1757 1101 1828 1130 307.

1211 1137 1329 1166 Nomen
1354 1140 1454 1176 oppidi
1472 1140 1637 1179 Perleberg.
1663 1142 1746 1177 VIII,
1772 1142 1843 1173 275.

1211 1178 1305 1218 Saepe
1323 1182 1475 1218 audivisti,
1497 1185 1713 1221 gratitudinem.
1751 1185 1836 1221 VIII,
1861 1187 1931 1216 741.

1213 1223 1317 1260 Τέπιξ
1338 1226 1392 1261 μὲν
1414 1229 1525 1264 τέττιγι.
1552 1227 1635 1262 VIII,
1660 1229 1731 1257 299.

1167 1266 1382 1296 Bohemicis
1404 1274 1437 1296 et
1459 1268 1651 1298 Lusaticis
1675 1271 1922 1300 Pastoribus:

1210 1308 1374 1346 Utrumque
1392 1312 1538 1347 praedixit
1557 1323 1614 1341 vox
1633 1314 1747 1341 divina:
1770 1314 1800 1342 in
1820 1314 1882 1344 hac.
1913 1314 1998 1351 VIII,
2022 1316 2094 1347 428.

1167 1350 1310 1387 Bonno,
1334 1352 1557 1383 Hermanno:

1208 1394 1319 1423 Eadem
1343 1395 1415 1424 hora
1438 1397 1510 1425 duas
1533 1399 1569 1426 ad
1591 1402 1628 1427 te.
1654 1399 1692 1434 V,
1717 1399 1788 1428 843.

1206 1436 1305 1465 Pridie
1328 1439 1385 1466 iam
1408 1439 1462 1468 iter
1484 1441 1642 1478 ingressus.
1676 1442 1714 1476 V,
1741 1442 1810 1471 103.

1205 1478 1299 1517 Saepe
1319 1490 1405 1516 nunc,
1425 1484 1534 1520 optime
1557 1490 1594 1514 et.
1619 1484 1656 1519 V,
1677 1484 1726 1514 92.

1161 1521 1364 1561 Bordingo,
1388 1524 1539 1555 Iacobo:

1205 1566 1293 1602 Apud
1316 1567 1475 1596 Pindarum
1500 1575 1543 1597 cst
1566 1570 1645 1597 senis
1669 1569 1768 1600 Nerei.
1794 1569 1850 1606 IX,
1877 1571 1945 1601 129.

1205 1606 1390 1638 Camerarius
1408 1611 1555 1642 invitatus.
1581 1612 1664 1648 VIII,
1688 1613 1758 1642 237.

1204 1649 1278 1679 Cum
1300 1653 1331 1680 in
1350 1662 1456 1690 magno
1479 1655 1581 1683 dolore
1604 1656 1667 1685 sim.
1699 1655 1785 1691 VIII,
1811 1657 1881 1686 (583.

1204 1694 1278 1723 Cum
1301 1696 1330 1723 in
1355 1696 1426 1724 urbe
1448 1697 1644 1736 Vangionum.
1675 1698 1730 1733 IX,
1755 1699 1826 1729 521.

1203 1736 1343 1766 Delector
1367 1740 1499 1775 equidem
1519 1746 1646 1778 propter.
1672 1741 1757 1777 VIII,
1791 1743 1858 1772 109.

1203 1778 1327 1810 Dulcius
1346 1782 1415 1810 mihi
1434 1783 1516 1813 nihil.
1540 1783 1609 1820 VII,
1634 1785 1705 1814 644.

1202 1822 1241 1851 Et
1262 1824 1353 1852 debeo
1373 1830 1401 1852 et
1423 1825 1516 1854 habco
1537 1827 1589 1855 tibi
1612 1828 1748 1865 gratiam,
1778 1828 1854 1865 quod
1883 1828 1920 1856 de
1942 1828 2044 1866 literis,
2068 1838 2142 1868 quas

1245 1867 1394 1897 Mordisio.
1425 1868 1481 1901 IX,
1506 1870 1577 1899 481.

1201 1909 1239 1936 Et
1262 1910 1412 1939 Ecclesiae
1436 1917 1502 1939 tuae
1524 1913 1710 1942 domesticae.
1749 1912 1833 1948 VIII,
1859 1914 1929 1944 626.

1200 1952 1240 1980 Et
1262 1952 1355 1981 habeo
1379 1959 1407 1981 et
1429 1955 1520 1983 debeo
1543 1956 1594 1984 tibi
1615 1957 1752 1993 gratiam,
1787 1957 1865 1994 quod
1899 1958 1928 1985 in
1950 1957 2055 1986 itinere
2078 1962 2139 1988 tuo.

1244 1994 1327 2031 vm,
1349 1998 1398 2025 99.

1200 2037 1322 2076 Exurge
1342 2039 1469 2068 Domine
1491 2039 1574 2069 Deus
1597 2046 1634 2071 et.
1659 2041 1696 2076 V,
1718 2042 1789 2070 794.

1199 2079 1287 2109 Hanc
1306 2082 1457 2119 epistolam
1481 2084 1584 2121 scripsi
1607 2094 1692 2112 manc
1715 2085 1763 2112 die
1781 2084 1859 2114 Nov.
1885 2085 1933 2114 25.
1960 2084 2046 2121 VIII,
2065 2086 2137 2117 375.

1200 2123 1235 2151 In
1257 2125 1394 2153 comitatu
1420 2125 1512 2154 Ducis
1534 2125 1692 2156 Saxoniae.
1722 2126 1778 2162 IX,
1802 2127 1873 2157 216.

1200 2166 1268 2205 Ipse
1296 2166 1378 2196 Deus
1402 2169 1518 2206 sapiens
1541 2186 1590 2197 —.
1613 2169 1698 2198 Haec
1720 2174 1787 2198 vota
1809 2174 1841 2198 ut
1863 2171 1931 2200 sint.
1960 2169 2018 2207 IX,
2045 2171 2136 2202 1023.

1200 2209 1268 2246 Ipse
1287 2219 1342 2247 ego
1365 2211 1512 2248 quicquid.
1537 2211 1594 2247 IX,
1617 2213 1688 2242 589.

1200 2253 1284 2280 Mitto
1303 2254 1355 2281 tibi
1373 2254 1639 2291 interpretationem
1661 2264 1806 2291 graecam.
1830 2255 1886 2291 IX,
1908 2256 1978 2286 936.

1199 2296 1284 2324 Mitto
1310 2297 1361 2324 tibi
1384 2297 1513 2334 pagellas
1536 2298 1571 2325 de
1594 2297 1747 2327 Bavarica.
1776 2297 1833 2334 IX,
1856 2299 1927 2328 656.

1198 2338 1281 2367 Nihil
1305 2340 1415 2376 gratius
1439 2344 1465 2367 et
1485 2340 1608 2369 dulcius.
1634 2340 1701 2375 VII,
1726 2342 1775 2371 95.

1198 2381 1268 2410 Non
1291 2383 1372 2420 potui
1394 2383 1533 2419 pluribus.
1560 2382 1641 2418 VIII,
1666 2384 1736 2413 304.

1197 2424 1286 2454 Nosti
1307 2429 1390 2453 vetus
1410 2426 1481 2453 illud
1504 2427 1533 2453 in
1557 2426 1717 2456 sacrificiis.
1741 2425 1797 2461 IX,
1825 2427 1892 2456 191.

1197 2466 1265 2497 Scio
1288 2473 1315 2496 te
1339 2477 1455 2506 quoque
1478 2469 1532 2496 hac
1555 2469 1707 2498 notissima
1731 2470 1883 2499 sententia.
1909 2468 1992 2507 VIH,
2016 2470 2066 2501 82.

1196 2509 1263 2539 Scio
1285 2516 1313 2538 tc
1336 2512 1428 2539 virum
1453 2511 1651 2541 excellentem.
1681 2511 1738 2547 IX,
1766 2513 1833 2542 197.

1196 2552 1288 2590 Spero
1310 2554 1393 2582 initia
1416 2554 1641 2591 gubernationis.
1672 2554 1729 2591 IX,
1753 2556 1826 2585 955.

1881 2612 1924 2642 Q.
