2299 2921
147 122 211 155 383

147 226 261 248 omnes
286 215 435 246 homines
459 214 523 245 hac
554 212 725 253 disciplina
757 221 837 243 suos
872 219 983 241 mores
1007 218 1126 250 regere
1150 221 1153 237 ε

147 261 278 297 debent,
304 258 379 297 [fol.
404 259 476 295 ⁶20¹]
502 256 541 287 Et
565 258 647 287 deus
672 256 807 295 imperia
825 263 943 284 seuere
959 254 1011 285 ⁹3)
1037 251 1124 282 hanc
1149 253 1152 282 1

147 302 357 342 disciplinam
388 302 470 331 tueri
495 301 593 337 iubet,
619 306 651 329 et
675 300 745 339 ipse
769 295 981 327 horribilibus
1005 295 1123 335 poenis
1149 283 1151 333 l

145 344 293 376 declarat
329 346 409 375 iram
425 346 476 381 ⁹⁴)
511 343 674 373 aduersus
703 341 789 371 hanc
813 345 985 370 externam
1009 343 1124 369 contu-
1148 335 1151 345 '

143 390 295 425 maniam,
320 393 427 417 tamen
453 386 535 417 haec
556 383 730 425 disciplina
743 385 794 421 9⁵)
820 383 916 413 etiam
947 381 1052 412 sicubi
1071 385 1125 411 est

143 431 376 462 honestissima
401 438 606 469 nequaquam
630 434 680 458 est
698 424 843 467 impletio
861 424 958 466 legis,
982 432 1124 454 11001110-
1147 422 1151 458 i

142 482 234 505 retur
258 473 484 503 remissionem
498 477 720 512 peccatorum,
743 479 805 499 nec
829 475 880 498 est
903 467 1032 498 iusticia
1055 464 1124 503 illa,

142 528 208 559 qua
224 521 275 549 2¹⁵¹)
301 526 411 546 coram
436 516 497 545 deo
523 513 648 554 accepti
674 522 799 548 sumus,
824 521 884 542 nec
904 509 960 540 lux
982 508 1038 540 illa
1061 507 1123 539 sul-

142 569 226 601 gens
253 561 283 589 in
306 567 424 588 natura
448 558 613 587 hominum
638 556 723 586 sicut
750 553 843 586 fulsit
872 552 999 585 iusticia
1024 552 1122 581 nobis

145 603 246 634 indita
262 603 313 637 97)
335 602 367 631 in
390 601 572 637 creatione,
607 606 663 630 aut
691 598 776 628 51001
807 595 944 638 fulgebit
966 605 1053 625 noua
1076 595 1122 625 iu-

141 646 237 676 sticia
260 646 291 674 in
316 646 382 674 vita
403 650 547 674 aeterna.
588 643 653 674 Sed
680 647 748 672 tota
772 640 854 671 haec
878 637 1051 679 disciplina
1071 643 1123 667 est

141 688 380 729 qualiscunque
398 693 535 717 externa
559 684 764 727 gubernatio,
788 681 904 713 similis
933 680 1010 712 folio
1024 680 1121 717 ficuS,

141 742 206 771 quo
238 736 353 772 tegunt
379 729 567 760 Nuditatem
602 738 695 758 suam
729 727 822 767 primi
857 731 1012 766 parentes
1043 729 1121 764 post

140 773 280 814 lapsum.
331 772 402 803 Nec
435 772 542 814 magis
574 770 657 801 tollit
690 775 881 810 peccatum,
917 773 948 799 et
981 772 1119 798 naturae

142 817 386 856 corruptionem
411 815 484 853 [fol.
508 815 585 853 2¹2³]
611 820 643 844 et
665 819 814 850 mortem,
838 821 934 853 quam
958 809 1119 841 tollebant
1142 822 1146 846 ,1

141 859 218 891 illae
241 858 377 890 frondes
402 858 464 890 fici.
1142 855 1146 889 Ι

228 915 306 946 Ideo
330 913 454 946 Paulus
489 914 586 945 toties
615 912 734 943 clamat
765 921 830 941 11011
853 908 923 941 tolli
946 915 1119 950 peccatum
1144 905 1148 944 ἰ

142 958 217 1001 lege
241 958 334 988 Rom.
353 959 405 994 ³5)
429 957 459 988 3.
505 957 554 987 Ex
574 956 730 997 operibus
753 953 851 996 legis,
875 963 939 983 non
963 950 1120 983 iustifica-
1145 980 1147 993 ἱ

142 1003 229 1034 bitur
252 1001 356 1031 omnis
380 1010 472 1039 cam,
495 1010 607 1031 coram
630 1009 680 1030 eo.
716 998 756 1029 Et
770 997 864 1028 Rom.
884 995 914 1027 8.
950 994 1032 1026 Cum
1054 993 1121 1035 legi

142 1042 347 1086 impossibile
371 1050 460 1074 esset
484 1042 737 1074 iustifical·e.⁹⁹)
771 1039 813 1071 Et
837 1037 910 1070 Gal.
934 1039 965 1069 2.
1001 1037 1038 1068 Si
1061 1047 1122 1078 per

143 1087 251 1129 legem
281 1087 407 1118 iusticia
439 1093 508 1124 est,
544 1086 667 1116 frustra
697 1084 850 1115 Christus
882 1087 933 1113 est
962 1086 1121 1112 mortuus.

143 1131 186 1162 Et
209 1131 249 1161 ad
274 1129 335 1160 Tit.
361 1130 389 1160 23.
436 1130 509 1161 Non
534 1140 573 1160 ex
599 1128 755 1169 operibus
779 1126 946 1162 iusticiae‚
970 1133 1054 1164 quae
1076 1123 1122 1153 fe-
1148 1135 1149 1159 i

146 1175 248 1206 cimus
273 1183 347 1211 1105,
372 1173 439 1204 Sed
462 1173 645 1204 seeundum
669 1181 762 1201 suam
786 1168 1045 1200 misericordiam
1057 1164 1122 1196 sal·
1148 1168 1149 1198 ἶ

146 1218 233 1248 uauit
258 1226 328 1247 nos.
1148 1228 1150 1240 χ

231 1272 273 1303 Et
297 1271 495 1303 contumelia
519 1278 569 1302 est
593 1269 650 1309 filij
682 1269 733 1300 dei
763 1267 889 1309 fingere
913 1264 980 1296 vlla
1008 1270 1126 1295 nostra

147 1326 247 1357 opera
273 1316 387 1346 merita
410 1325 498 1352 esse,
522 1324 582 1345 seu
606 1313 754 1354 precium
777 1309 983 1341 remissionis
1007 1317 1125 1348 pecca-

146 1365 254 1390 torum
277 1365 309 1389 et
334 1368 410 1388 esse
432 1358 689 1399 propiciationes
712 1364 772 1396 pro
795 1359 946 1394 peccato.

233 1410 309 1441 ldeo
331 1410 519 1450 pharisaica
541 1407 597 1439 illa
623 1414 651 1438 et
674 1405 849 1448 pelagiana
870 1403 943 1442 [fol.
968 1403 1045 1439 le]
1072 1402 1126 1432 de·
1151 1403 1154 1450 Ι

146 1452 317 1484 liramenta
342 1451 433 1484 clare
456 1453 661 1488 damnamus,
684 1459 769 1490 quae
789 1450 859 1486 l⁰⁰)
879 1447 1006 1488 tingunt
1030 1445 1126 1475 disci·
1151 1452 1154 1463 ¹

148 1496 271 1538 plinam
293 1495 381 1527 illam
406 1506 484 1527 esse
507 1494 728 1536 impletionem
752 1491 837 1534 legis
862 1491 930 1528 (101,
960 1489 1036 1520 item
1064 1497 1127 1519 1110-

147 1541 213 1571 reri
236 1540 462 1570 remissionem
487 1548 546 1570 seu
571 1538 611 1567 de
635 1545 783 1577 congruo
808 1545 867 1566 seu
890 1534 930 1564 de
950 1531 1127 1572 condigno,

149 1582 202 1614 vel
236 1592 313 1613 esse
347 1582 511 1613 iusticiam
546 1590 611 1623 qua
641 1580 791 1611 homines
822 1587 935 1609 coram
966 1576 1027 1606 deo
1063 1575 1128 1605 sint

150 1626 287 1668 accepti.

237 1677 304 1709 Sed
330 1676 418 1708 filius
449 1677 501 1709 dei
535 1677 688 1708 dominus
716 1680 830 1707 noster
859 1674 952 1705 Iesus
976 1670 1128 1703 Christus

154 1722 209 1762 qui
222 1726 273 1751 est
287 1721 396 1763 imago
409 1722 534 1752 aeterni
547 1720 661 1761 patris,
675 1719 875 1750 constitutus
889 1722 940 1748 est
952 1714 1128 1751 Mediator,

149 1764 374 1805 Propiciator‚
410 1763 629 1803 Redemptor,
658 1761 874 1798 {ustificator‚
902 1765 934 1790 et
962 1756 1129 1790 Saluator.

151 1807 255 1838 Huius
280 1807 375 1837 vnius
396 1808 582 1838 obedientia
595 1811 627 1836 et
639 1806 754 1836 merito
780 1803 930 1845 placatur
941 1802 989 1832 ira
1013 1801 1073 1835 dei,
1096 1805 1130 1831 vt

151 1850 245 1881 Rom.
254 1850 284 1880 3.
298 1850 429 1887 dicitur,
444 1849 550 1884 Quem
562 1849 672 1889 posuit
684 1847 938 1889 propiciatorem
950 1854 1009 1885 per
1021 1842 1130 1880 fidem,

151 1894 183 1924 in
211 1894 371 1934 sanguine
394 1894 476 1924 eius.
521 1891 564 1922 Et
586 1891 717 1922 Ebreos
742 1891 792 1921 10.
838 1886 1045 1930 Impossibile
1079 1891 1130 1916 est

151 1937 314 1977 sanguine
336 1941 506 1967 taurorum
537 1933 607 1966 tolli
637 1940 787 1975 peccata.
833 1933 908 1973 lpse
931 1936 1039 1962 autem
1062 1929 1130 1961 vni-

153 1990 224 2010 cair.
259 1990 319 2019 pro
354 1979 502 2019 peccatis
531 1977 674 2009 offerens
708 1976 848 2007 hostiam
879 1975 911 2005 in
935 1978 1130 2015 perpetuum

152 2022 245 2053 sedet
268 2022 309 2052 ad
330 2022 481 2052 dextram
513 2021 563 2052 dei
592 2027 655 2052 010.
702 2019 778 2059 [fol.
804 2019 881 2057 20³]
928 2017 999 2048 Etsi
1021 2021 1130 2048 autem

153 2185 200 2216 93)
219 2186 326 2216 imperia
346 2184 445 2217 seuere]
467 2185 548 2209 Editt.
568 2185 593 2208 4.
613 2184 652 2209 G.:
673 2190 762 2207 seuere
780 2183 889 2214 imperia

154 2228 200 2259 94)
221 2227 295 2260 iram]
315 2229 351 2252 sic
370 2228 451 2257 Cod.;
472 2235 540 2252 oum.
561 2228 655 2251 Eunt:
675 2228 739 2251 iram
759 2233 829 2250 suam

154 2272 201 2303 95)
220 2271 292 2330 ὺὲἒοε
304 2270 451 2303 disciplina]
471 2272 507 2295 sic
525 2271 606 2301 Cod.3
627 2278 696 2294 omn.
714 2269 810 2293 Edita:
834 2269 899 2292 haec
923 2272 1029 2291 externa
1054 2267 1131 2290 disei-

156 2350 203 2382 96)
223 2315 283 2408 {up}
299 2348 397 2388 >scriba
422 2350 568 2381 scripserat:
595 2349 627 2371 de
650 2355 712 2379 qua,
738 2347 782 2372 sed
803 2347 866 2371 Mel.
892 2353 971 2370 vocem
995 2345 1028 2368 de
1056 2344 1132 2368 litura

243 2393 254 2408 e
265 2388 321 2408 evit.

157 2427 202 2458 97)
221 2427 293 2450 fulsit
311 2427 412 2450 iustitia
431 2427 506 2450 nobis
524 2426 619 2458 indita]
644 2426 724 2450 Editt.
751 2424 824 2449 1—3.
845 2425 883 2448 8.:
908 2423 980 2447 fulsit
1003 2422 1031 2445 111
1057 2421 1132 2445 nobis

225 2462 322 2486 iustitia
340 2462 422 2485 indita

158 2505 204 2535 98)
224 2504 310 2535 Rom]
330 2505 378 2528 Ed.
400 2514 422 2528 υ.
444 2508 494 2536 ryp.
515 2512 577 2529 ertu:
598 2503 712 2527 Romam.
733 2504 810 2535 (proz
830 2500 955 2532 Roman.)

158 2548 204 2579 99)
225 2548 384 2578 iustificare}
407 2549 442 2571 sic
461 2547 540 2573 Cod.:
561 2554 628 2571 omn.
645 2546 739 2570 Educ:
759 2545 898 2570 iustificare
918 2547 967 2567 etc.

160 2591 222 2621 100)
243 2589 319 2623 quae]
341 2590 388 2615 Ed.
408 2591 445 2615 5.:
465 2591 509 2622 qui

1152 1698 1159 2080 ἱ

1154 2224 1162 2448 ι

599 117 712 150 PHIL.
737 117 839 150 MEL.
861 115 1047 149 SCRIPTA
1070 111 1339 146 DOGMATICA
1362 110 1417 142 ET
1439 110 1710 144 SYMBOLIGA.

1148 1207 1150 1211 ·
1176 1192 1283 1232 ipsum
1307 1190 1409 1222 filium
1433 1197 1465 1221 et
1499 1191 1617 1221 deinde
1640 1201 1699 1231 per
1723 1190 1918 1231 Apostolos.

2097 109 2161 143 384

1180 215 1301 237 causas
1325 204 1421 235 huius
1446 206 1580 236 mirandi
1606 205 1753 247 consilij,
1778 215 1836 236 cur
1859 205 1926 237 hoc
1948 205 2046 236 modo
2071 206 2158 239 redi-

1178 248 1332 280 mendum
1355 246 1452 278 suerit
1467 259 1572 289 genus
1585 249 1777 286 humanum,
1801 250 1945 280 noudum
1969 249 2000 278 in
2025 247 2089 278 hac
2112 250 2158 280 111-

1177 290 1329 323 firmitate
1354 291 1529 329 cernimus,
1564 292 1624 322 sed
1655 298 1771 332 postea
1799 291 1978 322 discendae
2007 297 2102 322 erunt
2124 292 2158 323 in

1177 334 1267 366 omni
1289 334 1496 376 aeternitate,
1519 340 1626 366 tamen
1646 334 1730 366 haec
1760 334 1851 364 initia
1885 344 1973 366 nunc
1997 334 2157 366 discenda

1176 383 1264 408 sunt.
1311 376 1568 417 Conspiciuntur
1592 378 1623 408 in
1646 376 1709 408 hac
1731 377 1872 415 victima,
1897 378 2025 408 iusticia
2050 377 2101 408 dei
2125 384 2158 409 et

1175 421 1225 451 ira
1245 422 1271 457 ¹)
1296 419 1459 450 aduersus
1484 426 1666 461 peccatum,
1692 427 1722 450 et
1744 420 1905 451 immensa
1929 421 2157 452 misericordia

1177 472 1260 505 erga
1282 472 1365 500 nos,
1400 469 1432 492 et
1465 474 1558 494 amor
1587 464 1620 493 in
1643 461 1710 494 filio
1734 473 1814 504 erga
1838 472 1943 504 genus
1968 463 2155 495 humanum.

1176 505 1283 537 Tanta
1307 511 1357 535 est
1380 506 1528 536 iusticiae
1553 506 1731 543 seueritas,
1766 511 1801 536 ut
1830 516 1898 536 non
1925 507 1966 536 sit
1995 506 2085 536 sacta
2108 517 2157 538 re·

1177 546 1366 580 conciliatio
1390 548 1453 579 nisi
1472 558 1577 589 poena
1597 548 1853 589 pei-solueretur.
1889 548 1996 579 Tanta
2019 554 2070 579 est
2088 549 2157 582 irae

1177 591 1367 632 magnitudo
1392 596 1425 622 vt
1449 598 1603 622 aeternus
1627 597 1720 632 pater
1744 601 1809 622 non
1841 592 1882 622 sit
1905 590 2069 631 placatus,
2094 593 2157 623 nisi

1177 634 1411 674 deprecatione
1437 641 1468 664 et
1490 639 1595 665 morte
1618 634 1686 676 filij.
1732 634 1838 665 Tanta
1866 634 2094 665 misericordia
2122 641 2158 666 ut

1174 675 1262 707 filius
1288 686 1347 716 pro
1372 676 1467 707 nobis
1492 676 1587 707 datus
1611 677 1666 715 sit,
1689 676 1813 708 Tantus
1838 687 1930 708 amor
1948 677 1979 707 in
1993 676 2062 707 filio
2076 686 2157 719 erga

1174 729 1251 757 nos,
1274 726 1307 750 ut
1324 718 1409 751 hanc
1423 728 1534 750 veram
1554 726 1584 750 et
1604 720 1768 761 ingentem
1785 721 1865 751 iram
1884 721 1917 750 in
1930 729 1968 750 se
1988 719 2062 758 [fol.
2076 720 2154 758 22b]

1177 762 1386 794 deriuauerit.
1422 761 1546 793 Harum
1560 763 1772 793 maximarum
1786 768 1818 794 et
1832 773 2028 794 arcanarum
2048 773 2157 794 rerum

1175 805 1474 836 considerationem
1492 805 1524 835 in
1545 806 1738 846 pectoribus
1760 806 1934 836 accendito
1953 811 1999 843 tu,
2022 804 2067 836 fili
2091 806 2155 844 dei,

1172 849 1288 889 spiritu
1311 854 1367 879 tuo
1391 852 1521 885 sancto,
1540 853 1575 878 vt
1596 858 1674 878 vere
1699 857 1959 887 expauescamus
1983 850 2155 890 agnitione

1172 891 1251 928 irae,
1276 895 1307 921 et
1330 900 1445 922 rursus
1472 900 1550 921 vera
1565 889 1797 922 consolatione
1817 891 1994 933 erigamur,
2018 897 2049 922 et
2073 897 2106 922 te
2123 892 2156 922 in

1174 934 1261 965 omni
1286 935 1479 965 aeternitate
1504 932 1726 965 celebremus.

1264 976 1307 1007 Vt
1325 982 1434 1008 autem
1455 976 1611 1007 beneficia
1630 976 1728 1007 huius
1747 976 1936 1007 mediatoris
1953 982 2031 1008 nota
2044 982 2158 1007 essent

1177 1019 1292 1062 generi
1322 1019 1464 1050 humano
1496 1025 1528 1050 et
1558 1020 1654 1050 nobis
1685 1017 1949 1059 adplicarentur,
1983 1019 2069 1050 edita
2103 1025 2155 1050 est

1176 1063 1354 1104 promissio
1381 1063 1492 1093 statim
1522 1063 1613 1093 initio
1644 1067 1720 1103 post
1742 1061 1873 1102 lapsum
1895 1063 2074 1103 primorum
2099 1073 2156 1103 pa·

1148 1124 1149 1131 1
1176 1112 1323 1142 rentum,
1359 1111 1390 1136 et
1419 1106 1619 1146 deinceps‘2)
1656 1107 1782 1145 sepess)
1820 1105 1973 1145 repetita,
2005 1112 2037 1136 et
2071 1115 2156 1137 voce

1176 1148 1413 1188 prophetarum
1427 1146 1609 1186 declarata,
1634 1148 1703 1178 Sed
1728 1147 1911 1179 clarissime
1936 1149 2073 1179 recitata
2096 1158 2157 1188 per

1964 1190 2005 1221 Et
2028 1191 2156 1221 institu-

1177 1240 1244 1265 tum
1268 1239 1319 1264 est
1347 1234 1562 1264 ministerium
1590 1234 1731 1264 docendi
1760 1240 1790 1263 et
1817 1233 2054 1274 propagandae
2081 1243 2156 1274 pro-

1178 1277 1343 1307 missionis
1370 1276 1442 1313 [fol.
1466 1276 1545 1313 232¹]
1571 1282 1603 1306 et
1627 1276 1759 1306 condita
1778 1275 1943 1313 Ecclesia,
1961 1282 1993 1306 et
2017 1276 2157 1307 subinde

1178 1321 1362 1351 instaurata
1384 1318 1447 1349 hac
1470 1319 1542 1359 ipsa
1565 1329 1649 1349 voce
1673 1319 1714 1349 de
1734 1318 1801 1349 filio
1822 1319 1872 1349 dei
1897 1319 2127 1359 propiciatore.

1266 1362 1328 1393 Per
1362 1361 1426 1392 hoc
1451 1361 1665 1392 ministerium
1693 1371 1824 1402 semper
1850 1360 1927 1399 fuit,
1961 1367 2012 1392 est
2040 1366 2072 1392 et
2095 1361 2158 1392 erit

1180 1404 1299 1437 efficax
1325 1404 1411 1435 filius
1435 1405 1488 1435 dei
1516 1405 1548 1435 in
1578 1404 1809 1442 credentibus,
1833 1405 1918 1435 sicut
1937 1403 2031 1435 Rom.
2060 1404 2087 1434 1.
2111 1403 2158 1434 di-

1182 1450 1277 1486 citur,
1290 1447 1509 1489 Euangelium
1522 1454 1573 1478 est
1595 1448 1742 1488 potentia
1767 1447 1820 1478 dei
1842 1447 1884 1477 ad
1908 1445 2047 1478 salutem
2070 1446 2158 1478 omni

1181 1491 1338 1524 credenti.
1375 1491 1418 1522 Et
1438 1491 1600 1522 instaurat
1621 1491 1693 1532 ipse
1714 1490 1779 1522 hoc
1802 1490 2014 1521 ministerium
2038 1499 2112 1520 011111
2124 1490 2155 1526 ⁴)

1180 1535 1293 1576 inquit,
1316 1534 1411 1566 Sicut
1433 1534 1520 1565 misit
1542 1544 1594 1565 me
1617 1539 1730 1574 pater,
1764 1533 1807 1564 ita
1831 1542 1894 1574 ego
1906 1534 1935 1570 ⁵)
1965 1532 2058 1563 mitto
2083 1540 2157 1563 vos.

1181 1579 1228 1610 lte
1251 1578 1480 1620 praedicantes
1511 1577 1744 1618 poenitentiam
1768 1581 1801 1607 et
1827 1575 2058 1606 remissionem
2082 1583 2158 1615 pec-

1183 1628 1332 1654 catorum
1359 1622 1392 1652 in
1414 1621 1551 1656 {nomine
1574 1630 1658 1650 meo.
1706 1617 1782 1650 Vult
1805 1619 1900 1660 argui
1929 1623 2103 1658 peccatum
2125 1616 2159 1647 in

1182 1672 1251 1697 toto
1273 1674 1394 1707 genere
1411 1663 1565 1695 humano.
1605 1662 1699 1694 Sicut
1721 1662 1837 1703 inquit,
1873 1661 2016 1701 Spiritus
2041 1664 2159 1701 arguet

1182 1710 1336 1740 mundum
1360 1707 1401 1738 de
1424 1711 1575 1748 peccato,
1601 1706 1689 1747 quod
1702 1715 1767 1736 non
1781 1705 1919 1735 credunt
1937 1704 1970 1734 in
1983 1712 2044 1734 1110.
2072 1703 2157 1739 Et6)

1181 1750 1276 1782 Rom.
1294 1751 1322 1781 1.
1355 1749 1536 1781 Reuelatur
1558 1749 1606 1780 ira
1630 1749 1682 1779 dei
1702 1749 1743 1779 de
1762 1747 1856 1778 coelo
1870 1756 1970 1788 super
1990 1745 2063 1785 [fol.
2076 1745 2157 1784 23¹²]

1182 1804 1310 1825 omnem
1338 1793 1536 1834 impietatem
1567 1798 1599 1822 et
1632 1791 1827 1822 iniusticiam
1855 1790 2033 1822 hominum.
2078 1787 2159 1819 Vult

1182 1837 1265 1868 deus
1288 1846 1474 1878 agnoscere
1497 1836 1578 1866 iram
1597 1844 1692 1866 suam
1711 1835 1874 1865 aduersus
1887 1838 2025 1874 peccata
2037 1832 2158 1870 omnia,

1183 1886 1214 1912 et
1246 1881 1423 1921 praecipue
1457 1879 1623 1909 aduersus
1659 1883 1880 1918 contemptum
1909 1874 2029 1915 filij,⁷)
2064 1874 2159 1906 Sicut

1183 1925 1256 1960 015)
1282 1925 1313 1954 in
1337 1921 1469 1953 Psalmo
1500 1921 1615 1962 inquit,
1651 1918 1857 1952 Osculamini
1886 1918 1999 1956 filium,
2029 1928 2071 1949 ne
2095 1918 2158 1948 ira-

1183 1973 1341 1998 scaturet
1366 1965 1510 2006 pereatis
1534 1965 1640 1995 devia
1663 1970 1725 1994 etc.
1774 1962 1852 1994 Vult
1876 1971 1937 1992 nos
1957 1971 2036 1992 vere
2060 1970 2159 2001 expa-

1182 2019 1320 2041 uescere
1346 2009 1514 2049 agnitione
1549 2008 1759 2038 tenebrarum
1787 2011 1819 2036 et
1842 2004 2031 2036 horrendae
2054 2003 2160 2045 praui-

1182 2053 1258 2084 tatis
1282 2059 1313 2083 et
1338 2050 1563 2082 contumaciae
1586 2056 1734 2081 nostrae.
1770 2048 1810 2079 Et
1828 2048 1958 2090 quidem
1980 2047 2052 2088 ipse
2077 2046 2158 2077 deus

1202 2217 1230 2248 1)
1250 2217 1351 2240 iusticia
1370 2215 1411 2238 dci
1431 2218 1456 2238 et
1474 2213 1524 2245 ira]
1543 2213 1624 2237 Editt.
1646 2212 1719 2236 1—3.
1740 2212 1777 2236 8.:
1796 2211 1891 2236 iustitia
1910 2215 1935 2234 et
1953 2211 1993 2234 ira
2011 2209 2061 2232 Dei

1201 2260 1229 2292 2)
1250 2258 1383 2290 deinceps]
1406 2258 1486 2281 Editt.
1508 2257 1582 2280 1—3.
1602 2257 1641 2280 8.:
1662 2255 1755 2279 deinde

1201 2303 1230 2334 3)
1251 2301 1322 2333 sepe]
1343 2301 1378 2324 sic
1397 2300 1464 2324 Cod.
1485 2302 1507 2324 et
1526 2299 1608 2323 Editt.
1627 2300 1652 2322 4.
1671 2298 1710 2327 6.;
1731 2302 1789 2322 cett.
1809 2297 1905 2321 Editt.:
1926 2296 2027 2327 saepius

1201 2346 1230 2376 4)
1251 2344 1319 2403 323]
1339 2343 1398 2367 haec
1423 2351 1485 2372 vox,
1508 2340 1685 2392 quamNscriba
1708 2341 1837 2369 omiserat,
1863 2349 1878 2364 α
1896 2339 1959 2363 Mel.
1979 2346 2054 2372 supra
2073 2338 2161 2363 lineam

1305 2380 1342 2402 ita
1360 2382 1404 2402 est.

1203 2424 1232 2455 5)
1252 2423 1288 2446 ita
1307 2421 1368 2453 ego]
1389 2420 1470 2444 Editt.
1489 2421 1513 2444 4.
1533 2419 1573 2444 6.:
1593 2420 1629 2442 ita
1647 2422 1672 2441 et
1690 2424 1739 2449 ego

1204 2465 1233 2496 6)
1253 2465 1289 2496 et]
1308 2464 1356 2488 Ed.
1377 2463 1401 2487 3.
1421 2466 1471 2496 typ.
1493 2471 1556 2487 ern:
1575 2462 1609 2486 Ei

1204 2508 1233 2540 7)
1253 2506 1319 2539 filij,]
1339 2507 1421 2531 scriba
1440 2508 1585 2538 scripserat:
1604 2504 1649 2536 filij
1669 2504 1726 2533 dei,
1753 2503 1796 2528 red
1818 2511 1865 2527 νοτ
1889 2503 1930 2527 dei
1953 2501 2039 2526 deinde
2057 2510 2074 2525 a
2096 2500 2161 2525 Mel.

1257 2541 1335 2566 lt'turci
1355 2544 1390 2565 est
1408 2540 1495 2566 deleta.

1207 2586 1234 2616 ε)
1255 2584 1291 2616 et]
1310 2585 1336 2608 in
1355 2584 1435 2609 Editt.
1456 2583 1532 2608 1-3,
1551 2584 1575 2608 ε.
1595 2582 1669 2607 deest.
