2299 2921
1096 579 1164 644 K

188 687 483 752 INDEX
557 632 1848 848 CARMINUffilffflPHABETIOUS
1923 694 2106 761 PER

131 1063 291 1092 Absolvam
311 1063 410 1100 Regis.
444 1062 484 1099 X,
511 1064 580 1093 670.

130 1107 209 1134 Acer
231 1105 387 1134 Idumaeus
410 1106 482 1134 loca.
517 1105 557 1140 X,
582 1106 652 1134 571.

130 1149 178 1176 Ad
199 1158 288 1177 naves
306 1148 429 1176 Ithacus.
460 1148 501 1183 X,
525 1148 596 1177 484.

130 1192 178 1219 Ad
202 1197 230 1218 te
253 1201 317 1218 cum
340 1192 449 1219 iubeas.
481 1191 520 1223 X,
546 1191 616 1219 (358.

129 1234 268 1261 Adsertur
292 1234 390 1271 digitis
413 1235 529 1262 nostris.
562 1233 602 1268 X,
625 1234 694 1263 506.

129 1278 228 1313 Aeger
251 1281 279 1304 et
301 1276 454 1305 ulceribus.
490 1276 529 1310 X,
553 1277 623 1305 559.

130 1320 258 1347 Aeterne
281 1320 390 1355 gratias
409 1320 468 1347 tibi.
503 1319 541 1349 X.
567 1320 637 1348 587.

130 1362 252 1390 Aeterni
275 1363 310 1389 de
334 1367 437 1390 mente.
474 1362 512 1393 X.
538 1362 608 1390 624.

128 1405 248 1432 Aeterni
275 1405 339 1432 viva
363 1405 482 1441 effigies.
518 1404 557 1435 X.
583 1405 654 1433 (303.
682 1404 752 1431 640.

128 1448 258 1475 Aeterno
277 1448 407 1484 genitore
429 1453 495 1476 nate
518 1465 557 1468 —-
581 1445 689 1475 Orator
713 1446 813 1483 patris,
837 1456 882 1476 ex.
919 1445 959 1481 X,
984 1448 1054 1477 648.

127 1491 257 1518 Aeterno
280 1491 410 1527 genitore
434 1495 500 1518 nate
524 1508 565 1511 ——
589 1489 753 1526 Oratorque
774 1490 823 1518 tui.
859 1488 914 1525 IX,
939 1490 1008 1519 646.

128 1535 258 1561 Aeterno
281 1534 390 1570 gratias
413 1534 498 1570 patri.
534 1532 574 1568 X,
598 1534 670 1562 587.

127 1576 247 1603 Aiacem
272 1577 330 1604 vidi
354 1581 485 1604 stantem.
516 1576 568 1610 VI,
593 1577 663 1605 349.

127 1620 237 1647 Amore
260 1619 493 1656 flagrantissimo.
528 1618 567 1653 X,
593 1619 662 1648 627.

126 1662 206 1689 Ante
229 1667 306 1698 petet
328 1671 422 1691 cursu.
458 1661 497 1696 X,
523 1661 592 1690 502.

125 1705 271 1732 Ascaniae
292 1705 399 1742 stirpis.
434 1704 473 1738 X,
499 1706 570 1733 548.

126 1747 247 1775 Ascraei
271 1749 357 1775 senis.
391 1747 430 1783 X,
455 1747 526 1776 482.

127 1791 253 1827 Aspexit
276 1790 418 1818 iuvenem.
454 1790 493 1825 X,
518 1790 588 1819 660.

126 1833 245 1869 Aspicis
269 1838 298 1860 ut
322 1834 436 1861 iaceant
480 1832 519 1867 X,
546 1834 616 1861 635.

126 1876 281 1902 Astrorum
306 1880 410 1910 motus,
433 1882 460 1904 et
483 1877 551 1904 sata.
580 1875 620 1909 X,
646 1877 716 1905 586.

126 1918 227 1945 Attica
249 1918 354 1946 delevit
380 1919 489 1948 Medos.
526 1918 565 1952 X,
589 1919 659 1948 670.

126 1962 279 1997 Augustus
302 1962 436 1998 patriani.
470 1961 508 1993 X,
533 1962 602 1990 647.

104 2006 115 2017 ¹¹
127 2004 226 2031 Aurea
249 2004 317 2031 (lent
339 2005 397 2031 alii.
428 2004 468 2039 X,
494 2005 564 2033 508.

126 2046 312 2074 Aurieomum
335 2047 434 2076 vellus.
471 2046 510 2081 X,
537 2047 607 2075 (106.

125 2089 279 2117 Ausoniae
302 2090 462 2118 historiam.
498 2090 537 2123 X,
561 2090 630 2117 655.

125 2131 232 2160 Bo'etin
256 2133 385 2160 Mantua.
418 2133 454 2167 V,
479 2134 551 2161 419.

126 2173 252 2203 Caetera
274 2175 358 2203 turba
379 2185 442 2204 suo.
471 2175 510 2209 X,
535 2176 606 2204 494.

127 2216 266 2246 Carmina
288 2227 318 2246 es
341 2227 436 2247 ausas.
472 2218 510 2252 X,
536 2219 605 2246 505.

127 2259 267 2288 Caseolos
290 2261 359 2288 mihi
383 2261 492 2298 pulcra.
528 2260 568 2294 Χ,
593 2261 662 2289 553.

127 2302 217 2331 Casta
240 2303 320 2332 Deus
344 2313 426 2332 mens
449 2308 500 2332 est.
534 2303 574 2337 X,
599 2303 669 2331 (349.

127 2343 229 2373 Cedite
252 2347 392 2383 pyerides.
410 2346 494 2381 xx,
520 2347 590 2375 765.

126 2387 214 2416 Certa
237 2388 318 2417 Deus
340 2390 401 2417 toti.
431 2388 470 2423 X,
492 2390 562 2418 596.

126 2429 244 2458 Christe
266 2430 348 2460 Deus
370 2433 562 2469 omnipotens.
597 2430 635 2466 X,
661 2431 721 2460 472

126 2471 242 2501 Christe
264 2479 329 2502 tuos
352 2479 441 2502 vates.
473 2474 514 2508 X,
535 2476 605 2504 563.

125 2515 231 2544 Clarus
253 2517 282 2544 in
306 2517 359 2545 hae
382 2517 582 2555 Evangelium.
615 2517 655 2552 X,
681 2518 749 2546 635.

127 2558 256 2587 Coenam
279 2560 438 2597 negligere.
472 2560 513 2595 X,
537 2562 608 2590 507.

127 2600 248 2630 comica
272 2603 392 2631 debetur
414 2604 525 2631 merito.
561 2602 600 2637 X,
625 2603 693 2632 496.

1158 1876 1232 1905 Cum
1256 1878 1344 1906 Pater
1366 1889 1403 1906 ex
1426 1878 1543 1907 Phthia.
1577 1878 1615 1912 X,
1637 1879 1707 1907 485.

1127 2190 1134 2493 i

1162 1063 1276 1092 Concio
1297 1064 1346 1092 ubi
1369 1065 1463 1093 rediit.
1497 1065 1536 1101 X,
1561 1067 1631 1096 545.

1162 1104 1288 1134 Condita
1306 1105 1455 1136 Saxonici.
1488 1108 1528 1143 X,
1553 1110 1624 1139 536.

1162 1146 1305 1177 Conditus
1325 1150 1442 1186 exiguo.
1474 1150 1513 1185 X,
1539 1152 1610 1181 491.

1162 1188 1293 1219 Conferti
1316 1202 1405 1220 naves
1427 1193 1540 1222 animis.
1572 1193 1612 1229 X,
1638 1196 1709 1224 666.

1161 1232 1303 1271 Coniugis
1327 1240 1356 1262 ut
1377 1236 1468 1264 senio.
1504 1235 1543 1270 X,
1569 1237 1639 1266 644.

1162 1273 1339 1314 Coniugium
1362 1282 1491 1307 vestrum
1513 1279 1558 1307 sit.
1593 1280 1630 1314 V,
1656 1281 1727 1310 399.

1162 1316 1273 1347 Contra
1296 1321 1407 1348 hostem
1431 1322 1509 1349 fient.
1540 1321 1580 1356 X,
1604 1323 1674 1352 666.

1161 1360 1257 1390 Corda
1280 1364 1337 1391 fide
1359 1364 1468 1392 laudat.
1500 1364 1540 1399 Χ,
1565 1365 1636 1394 567.

1161 1404 1234 1432 Cras
1258 1415 1334 1434 nova
1357 1416 1422 1434 cum
1445 1407 1537 1436 terris.
1574 1407 1631 1443 ΙΙΙ,
1657 1409 1727 1438 374.

1161 1447 1235 1475 Cras
1258 1449 1305 1476 ubi
1329 1449 1448 1477 labetur.
1484 1450 1524 1484 X,
1550 1451 1621 1479 535.

1159 1490 1233 1518 Cras
1258 1492 1304 1520 ubi
1329 1498 1474 1521 ventura-e.
1498 1492 1538 1528 Χ,
1563 1494 1633 1522 570.

1160 1531 1269 1562 Crebra
1291 1544 1362 1562 suae
1383 1536 1537 1564 Dominus.
1574 1535 1614 1570 X,
1637 1537 1708 1566 524.

1159 1575 1234 1604 Cum
1257 1578 1376 1606 cuculus
1399 1587 1526 1606 raucum.
1566 1577 1606 1613 X,
1632 1579 1703 1609 556.

1159 1617 1233 1647 Cum
1254 1620 1350 1648 Danai
1374 1622 1410 1649 ad
1433 1622 1563 1650 Troiam.
1599 1621 1639 1657 X,
1664 1622 1734 1650 661.

1159 1661 1233 1690 Cum
1257 1663 1472 1692 Demosthenis.
1503 1663 1543 1697 X,
1569 1666 1639 1694 534.

1160 1703 1233 1733 Cum
1258 1706 1364 1734 Franci
1386 1712 1516 1735 tenuere.
1545 1706 1600 1742 IX,
1625 1708 1696 1737 397.

1159 1746 1232 1776 Cum
1252 1749 1357 1777 laceret
1380 1751 1509 1778 miseros.
1544 1750 1584 1785 X,
1608 1751 1678 1779 514.

1159 1791 1233 1820 Cum
1257 1797 1401 1820 necterem
1425 1792 1574 1821 corollam.
1606 1792 1646 1828 X,
1671 1794 1742 1822 481.

1159 1834 1233 1863 Cum
1257 1845 1333 1863 nova
1354 1836 1486 1873 coepisti.
1520 1835 1560 1869 X,
1585 1837 1656 1865 507.

1157 1919 1231 1948 Cum
1254 1922 1328 1948 redit
1351 1922 1490 1959 Assyriis.
1528 1920 1567 1955 X,
1593 1922 1664 1950 638.

1157 1963 1230 1992 Cum
1254 1963 1366 1992 Sibaris
1390 1964 1527 2001 peritura.
1557 1964 1597 1998 X,
1621 1964 1691 1993 060.

1156 2006 1230 2034 Cum
1254 2012 1282 2035 te
1306 2007 1435 2035 versibus
1459 2011 1552 2035 ornat.
1587 2006 1627 2041 X,
1652 2008 1722 2036 494.

1156 2049 1231 2078 Cum
1254 2050 1343 2077 veluti
1365 2050 1489 2087 lepores.
1524 2049 1563 2085 X,
1589 2051 1659 2079 635.

1157 2092 1216 2121 Cur
1240 2097 1268 2120 te
1291 2093 1439 2121 delectant
1461 2093 1554 2120 aulae.
1590 2093 1629 2127 X,
1650 2093 1722 2121 544.

1157 2134 1310 2170 Curatum,
1334 2145 1416 2173 puer,
1440 2141 1475 2163 et.
1510 2134 1550 2170 Χ,
1575 2136 1646 2164 600.

1157 2178 1217 2207 Dat
1239 2178 1368 2207 Domino
1392 2188 1475 2206 nova.
1514 2177 1552 2213 X,
1577 2179 1648 2207 517.

1156 2221 1292 2258 Degener
1315 2231 1332 2249 a
1349 2222 1477 2258 reliquis.
1514 2221 1552 2255 X,
1573 2221 1644 2249 560.

1156 2263 1294 2302 Degener
1310 2265 1464 2292 immerito.
1494 2263 1534 2297 X,
1558 2264 1628 2292 594.

1157 2308 1236 2336 Dent
1258 2307 1371 2335 facilem
1394 2307 1525 2335 reditum.
1559 2305 1598 2340 ΙΙ,
1620 2307 1690 2335 388.

1156 2350 1348 2388 Deprendunt
1370 2349 1497 2379 Cithara.
1532 2348 1572 2383 X,
1596 2350 1666 2378 485.

1157 2392 1282 2421 Deserta
1304 2402 1391 2421 scena
1414 2397 1442 2420 et
1465 2397 1552 2420 muta.
1588 2391 1628 2426 X,
1648 2393 1719 2421 497.

1156 2436 1274 2464 Dextra
1295 2440 1373 2463 tenet
1395 2435 1531 2472 gladium.
1566 2433 1606 2468 X,
1632 2435 1702 2464 515.

1157 2478 1215 2506 Die
1237 2479 1342 2516 hospes
1365 2477 1498 2516 Spartae.
1524 2477 1564 2511 X,
1589 2478 1658 2506 669.

1157 2521 1283 2550 Dicendi
1304 2519 1426 2549 Crassus
1449 2521 1570 2548 divinas.
1604 2519 1643 2554 X,
1668 2520 1739 2549 530.

1156 2564 1264 2592 Dicere
1287 2574 1373 2601 quam
1397 2563 1521 2592 mallem.
1551 2561 1590 2597 H,
1617 2562 1685 2591 234.

1156 2606 1289 2635 Dicimus
1312 2612 1407 2643 grates
1430 2606 1491 2634 tibi.
1525 2604 1565 2639 X,
1587 2606 1657 2634 584.
