2299 2921
124 145 189 176 345
623 141 673 173 111.
720 141 951 173 R‘EPETlTlo
977 140 1295 173 CONFESSIONIS
1316 140 1629 173 AUGUSTANAE.
2064 142 2127 173 316

124 239 256 278 stinj.*)
282 256 321 260 ——
345 237 446 268 Huius
465 235 542 267 tituli
560 246 630 276 pars
653 246 761 265 aversa
778 239 874 266 vacat.
893 254 935 259 -—
953 234 986 265 ln
1009 234 1060 265 sol.
1084 237 1116 265 2³
1139 236 1251 266 orditur
1270 236 1339 275 ipsa
1357 234 1534 265 Confessio.
1580 234 1668 270 Quae
1697 237 1726 264 in
1755 235 1887 274 singulis
1917 236 2036 274 paginis
2061 246 2128 265 con-

124 282 270 316 tineatur,
294 290 332 310 ex
349 280 492 311 Editione
511 283 614 309 nostra
634 280 821 318 interpositis
845 280 977 308 numeris
1001 278 1139 308 foliorum
1159 279 1250 309 huius
1269 277 1394 308 Codicis
1418 277 1611 317 intelligetur.
1625 280 1678 316 Μ’)

617 437 666 465 bb.
712 435 761 465 De
784 435 813 465 E
821 436 863 465 di
871 436 1045 465 tionibus
1068 436 1284 474 Confessiovis
1306 437 1485 467 Saxonicae
1508 435 1634 466 latinae.

277 543 431 574 Eleetoris
455 553 603 582 suamque
630 543 811 572 sententiam
835 542 874 571 de
897 542 953 571 hac
978 541 1185 572 Consessione
1209 543 1340 572 nondum
1369 542 1487 571 edenda
1508 541 1684 572 Melanthon
1708 541 1750 573 M.
1776 541 1985 581 Meienburgio
2012 543 2040 572 in
2066 543 2126 582 epi-

123 586 205 617 stola
225 587 252 617 d.
274 588 304 617 5.
322 587 403 626 Aug.
430 588 520 616 1551.
545 586 658 624 scripta
683 586 725 623 (in
749 585 839 614 huius
863 584 953 624 Coi-p.
972 585 1043 614 Vol.
1068 587 1136 616 VII.
1160 596 1188 624 p.
1214 588 1274 615 817
1295 588 1357 624 sq.)
1383 585 1492 614 indicat
1516 585 1602 614 hisce
1626 585 1742 614 verbis:
1766 585 1925 615 „Nondum
1945 586 2052 614 edituri
2079 595 2127 615 su-

124 640 209 665 mus,
233 629 290 659 sed
313 629 397 668 prius
421 630 510 659 etiam
532 628 657 658 Brentio
677 629 799 658 mittam.
844 627 919 657 Nam
940 628 1082 658 Brentius
1103 629 1191 658 etiam
1217 629 1340 668 scripsit
1365 628 1494 657 similem
1518 628 1759 662 confessionem,
1780 629 1827 657 cui
1850 628 2126 667 Argentoratenses

124 674 380 712 subscripserunt.
400 691 441 694 —
463 671 625 710 Exemplar
643 670 724 700 Aula
740 671 868 700 nondum
888 671 982 700 voluit
1000 673 1116 710 spargi,
1137 682 1193 700 nec
1212 670 1311 700 haheo
1334 671 1487 710 descripta
1509 671 1658 710 exempla.
1704 671 1737 708 Si
1762 671 1842 710 quod
1870 672 2005 710 pervenit
2028 670 2127 700 Erfor-

123 716 218 750 diam,
242 726 299 744 non
319 718 368 744 est
390 716 419 744 in
438 715 515 743 meis
539 714 685 748 aedibus,
705 717 772 748 aut,
791 724 839 743 me
863 715 994 749 sciente,
1018 715 1096 744 facta
1119 714 1300 753 descriptio,
1329 723 1508 753 quamquam
1533 724 1590 753 ego
1613 714 1734 753 quidem
1759 724 1816 743 non
1841 724 1930 753 aegre
1959 714 2037 749 fero,
2065 714 2126 753 legi

124 768 201 788 nunc
225 768 345 796 quoque
364 757 401 786 ab
426 756 494 786 aliis
517 756 594 786 hanc
622 757 825 787 recitationem
850 758 1031 796 praecipuae
1057 757 1213 786 doctrinae
1237 756 1490 787 Ecclesiasticae.
1536 756 1577 786 Et
1607 757 1724 792 iudico,
1755 757 1878 786 formam
1909 755 2126 788 Confessionis

122 804 204 830 recte
223 801 390 830 institutam
410 810 513 829 essen<
559 799 607 829 Ex
627 799 674 829 his
697 800 786 829 simul
813 800 1002 839 intelligitur,
1033 798 1269 829 Confessionem
1298 800 1374 829 clam
1405 800 1586 839 descriptam
1617 800 1738 839 alioque
1767 801 1893 830 missam
1919 810 2000 829 esse.
2046 799 2127 836 Qua—

121 846 242 882 propter
259 842 535 872 Bretschneiderus
554 846 655 881 putat,
674 842 752 872 alius
771 843 921 882 epistolae
940 843 977 872 ad
1001 843 1129 872 eundem
1149 853 1166 872 a
1189 842 1385 871 Melanthone
1414 843 1442 871 d.
1470 845 1497 872 3.
1523 843 1608 882 Sept.
1640 844 1772 882 striptae
1795 843 1881 877 loco,
1913 844 1964 872 ubi
1995 843 2033 872 de
2062 853 2127 882 pro-

121 885 287 915 ditionibus
308 886 336 914 in
356 885 469 915 familia
487 895 543 914 sua
562 885 644 920 dicit,
669 886 755 925 (ibid.
774 896 803 924 p.
825 888 895 916 830.
917 886 993 915 cons.
1015 889 1084 915 nota
1109 888 1151 923 4.)
1171 895 1341 914 sermonem
1366 895 1440 914 esse
1459 885 1497 914 de
1516 886 1687 924 apographo
1707 884 1921 915 Confessionis
1946 885 2125 920 Saxonicae,

120 928 203 966 quod
224 927 382 958 Erfordiae
406 928 525 967 quidam
545 928 722 963 habuerunt,
744 930 835 958 invito
854 928 1060 963 Melanthone,
1086 928 1165 958 sacto
1191 938 1207 956 a
1225 929 1380 957 nescimus
1404 938 1473 967 quo.
1508 927 1655 958 Fortasse
1675 929 1753 957 fama
1771 929 1826 958 fuit
1849 929 2033 967 descriptum
2052 938 2127 958 esse

119 970 258 1000 libellum
281 981 299 1000 a
316 970 452 1001 Peucero
471 971 520 1000 vel
540 971 599 1000 alio
622 971 832 1001 Melanthonis
851 972 1037 1001 necessario.
1059 989 1098 993 —-
1117 971 1204 1000 Hanc
1233 971 1271 1000 ob
1300 981 1422 1000 causam
1449 971 1526 1000 haec
1551 970 1732 1006 Confessio,
1759 972 1854 1001 inscio
1879 975 2017 1008 auctore,
2042 972 2125 1010 prius

120 1014 170 1043 edi
189 1014 301 1054 potuit,
326 1024 414 1053 quam
434 1015 531 1053 ipsius
556 1018 618 1043 erat
641 1014 791 1043 voluntas.

274 1069 359 1099 Haec
382 1068 549 1099 Confessio
569 1069 682 1108 pluries
705 1074 757 1098 aut
775 1070 958 1108 separatim,
989 1072 1041 1098 aut
1071 1079 1138 1098 cum
1169 1068 1239 1097 aliis
1265 1067 1521 1098 Confessionibus
1552 1068 1661 1098 aliisve
1691 1071 1811 1109 scriptis
1836 1071 2022 1099 coniunctim
2045 1070 2126 1100 edita

121 1116 180 1142 est.
226 1112 291 1142 Has
314 1112 475 1142 Editiones
495 1122 573 1142 nunc
591 1113 837 1146 recensebimus,
862 1122 1020 1146 annorum,
1041 1112 1151 1151 quibus
1174 1111 1362 1150 prodierunt,
1387 1113 1497 1142 seriem
1521 1116 1699 1151 sequentes

522 1273 548 1299 1.
594 1269 645 1298 De
664 1271 776 1309 primis
799 1249 1018 1304 mationibus,
1041 1280 1120 1309 quae
1142 1271 1242 1299 inscio
1265 1269 1509 1300 Melantlzone
1527 1270 1725 1309 prodierunt.

275 1375 359 1404 Haec
382 1373 549 1404 Confessio
573 1376 631 1404 iam
655 1385 680 1405 a.
709 1377 818 1411 1552„
837 1376 933 1405 inscio
958 1379 1096 1409 auctore,
1117 1377 1166 1405 bis
1189 1375 1254 1409 vel,
1274 1377 1301 1405 si
1326 1376 1432 1406 Henr.
1454 1376 1550 1406 Guil.
1573 1377 1845 1407 Rotermundio
1866 1377 1941 1407 fides
1964 1378 2020 1407 hac
2044 1379 2072 1406 in
2091 1388 2123 1407 re

119 1418 276 1448 tribuenda
300 1422 364 1453 est,
383 1422 428 1447 ter
446 1417 555 1457 prodiit
569 1419 655 1452 mn),
675 1419 816 1457 equidem
835 1422 950 1448 tantum
969 1419 1045 1448 duas
1064 1419 1212 1448 eiusmodi
1236 1418 1397 1458 hucusque
1420 1420 1480 1449 vidi
1500 1424 1529 1449 et
1549 1421 1578 1449 in
1598 1421 1736 1450 manibus
1756 1420 1869 1455 habeo,
1891 1431 2012 1459 quarum
2031 1421 2122 1450 altera

120 1460 289 1498 Rasilmae,
308 1460 402 1490 altera
425 1462 489 1489 sine
509 1460 570 1489 loci
592 1462 742 1490 mentione
762 1462 842 1491 edita
865 1466 923 1491 est.

272 1530 304 1565 a)
326 1527 438 1557 Editio
461 1527 673 1562 Basileeum,
686 1531 719 1568 †)
743 1539 831 1568 quam
855 1529 1016 1559 Laelius
1040 1529 1208 1559 Socinus
1233 1531 1360 1565 curavit,
1374 1533 1427 1569 ††)
1446 1532 1492 1560 sic
1511 1531 1654 1571 inscripta
1677 1536 1740 1561 est:

665 1658 708 1769 G
896 1656 930 1769 s
1122 1658 1197 1711 ⁸
1397 1658 1440 1771 ll
1548 1721 1569 1735 -

670 1825 697 1858 C
722 1677 895 1857 ToRfflN
919 1676 1003 1858 ΑΘΕ
1025 1678 1515 1859 SS{)!O(,NICAR(5)7
1536 1828 1569 1859 Μ

667 1889 933 1930 Ecclesiamm
979 1889 1144 1944 Synodo
1195 1890 1454 1930 Tridentinae
1494 1892 1568 1931 ob-

669 1966 760 2016 lata,
792 1966 916 2006 Anno
949 1967 1115 2007 Domini
1146 1966 1202 2007 M.
1234 1967 1284 2006 D.
1318 1967 1382 2006 LI.
1416 1967 1455 2007 in
1487 1981 1565 2021 qua

643 2041 920 2085 ,Christianae
952 2044 1079 2084 lector
1109 2043 1285 2094 uidebiS‚
1318 2045 1385 2098 qui
1418 2059 1513 2084 nam
1547 2044 1568 2084 ὸ

219 2208 247 2240 ·)
267 2209 313 2268 ἕὶυὶ
331 2209 528 2268 liaefznscripsit‚
545 2209 697 2268 Chtytraei
716 2210 852 2235 Historiam
870 2211 896 2235 Α.
916 2210 942 2237 C.
961 2216 1017 2236 cum
1037 2210 1227 2236 coelestiniana
1245 2211 1314 2236 male
1339 2212 1503 2244 permutavit.
1539 2212 1566 2237 ln
1590 2212 1637 2236 hac
1663 2213 1729 2238 enim
1755 2219 1805 2237 non
1830 2213 1968 2245 invenitur,
1992 2214 2039 2239 sed
2063 2216 2119 2240 tan—

277 2249 321 2268 um
340 2249 365 2268 m
382 2250 388 2268 ι
411 2249 425 2268 a
444 2249 535 2268 recusa
554 2249 600 2268 es.

202 2284 246 2315 ⁸·)
266 2285 318 2344 giis,
327 2285 630 2350 ξοᾱειθῖεὲἳηςΒειιΙιέι-Γὲὓ
646 2286 744 2345 Γῐὲοιιιιῐ,
764 2286 934 2344 Ρίριιέἒηςίο
959 2288 985 2313 in
1002 2287 1018 2313 l.
1043 2290 1153 2314 Arcana
1176 2287 1363 2314 Bibliothecae
1388 2288 1543 2314 Tllomanae
1566 2289 1720 2319 Lipsiensis
1742 2295 1829 2315 sacra
1853 2289 1967 2321 (Lipsiae
1995 2291 2067 2316 1703.
2088 2290 2118 2315 8⁰

320 2337 326 2342 .
359 2327 385 2351 p.
440 2339 445 2344 .
623 2327 636 2344 e
708 2340 713 2345 .
744 2340 748 2344 .
768 2328 793 2352 p.
864 2339 870 2344 .

184 2360 245 2391 ⁸⁰)
265 2362 308 2386 Hic
326 2362 392 2387 enim
412 2362 436 2387 in
457 2363 474 2387 l.
489 2361 670 2394 {ffortiebungen
692 2363 738 2386 nub
758 2361 938 2395 &rqfingungm
959 2370 987 2396 gu
1006 2364 1096 2389 Christ.
1116 2364 1190 2390 Gottl.
1208 2364 1335 2390 Ioecher's
1355 2362 1414 2397 ang.
1435 2364 1671 2395 &debrienffietiro
1691 2368 1767 2392 Tomo
1785 2366 1830 2393 IV.
1855 2374 1881 2400 p.
1901 2367 1974 2392 1316.
2000 2374 2037 2394 nr.
2058 2370 2115 2395 215.

266 2396 330 2420 haec
347 2396 439 2421 refert:
462 2397 613 2427 „confess-io
633 2397 762 2422 doctrinae
783 2398 965 2423 saxonicarum
985 2399 1151 2424 ecclesiarum
1171 2399 1273 2428 synodo
1292 2398 1453 2425 Tridentinae
1473 2400 1558 2426 oblata
1577 2407 1617 2426 an.
1640 2402 1713 2424 1551.
1740 2402 1794 2427 sine
1819 2402 1889 2431 loco,
1915 2403 1989 2428 1552.
2016 2405 2039 2428 8.
2065 2404 2116 2437 71s2

267 2427 335 2461 θος.
357 2443 388 2448 -
407 2431 483 2456 Basil.
503 2431 577 2455 1552.
598 2431 621 2454 8.
643 2431 693 2462 7¹]²
712 2430 779 2463 Qog.
800 2445 831 2448 —
850 2432 905 2456 sine
925 2433 994 2462 loco,
1015 2433 1088 2456 1552.
1110 2434 1133 2457 8.
1166 2434 1180 2457 8
1199 2432 1284 2465 Ἑπ3.“
1303 2436 1350 2459 ete.

217 2471 246 2503 †]
266 2472 411 2498 Melanthon
431 2473 505 2499 huius
524 2473 567 2498 Ed.
585 2474 611 2498 in
629 2474 737 2504 epistola
756 2474 788 2498 ad
807 2474 833 2499 L.
856 2475 987 2500 Mollerum
1007 2475 1030 2500 d.
1049 2476 1072 2498 4.
1092 2476 1146 2500 Maii
1168 2476 1242 2499 1552.
1269 2476 1362 2506 scripta
1382 2476 1420 2505 (in
1440 2476 1513 2501 liuius
1534 2476 1604 2507 Cori).
1624 2478 1677 2502 Vol.
1695 2476 1754 2503 VII.
1773 2485 1799 2510 p.
1818 2478 1868 2502 992
1888 2479 1938 2511 sti.)
1957 2481 2115 2506 mentionem

266 2505 328 2530 facit
354 2506 423 2531 hisce
447 2508 543 2533 verbis:
569 2508 706 2538 „Exempla
731 2508 900 2533 confessionis
925 2511 1027 2534 nostrae
1051 2509 1119 2534 edita
1143 2513 1200 2535 sun(
1224 2510 1355 2539 BasiIeae,
1382 2516 1422 2534 me
1445 2510 1547 2540 quidem
1572 2511 1713 2541 ignorante.
1750 2512 1799 2537 Sed
1825 2513 1938 2539 nondum
1962 2515 2012 2540 huc
2029 2515 2117 2540 allata.

267 2541 376 2565 Primam
395 2543 492 2567 tantum
511 2542 638 2571 pagellam
657 2542 730 2567 vidi.“
749 2543 783 2567 Ex
801 2543 915 2568 clausula
935 2544 1009 2569 huius
1028 2543 1070 2568 Ed.
1090 2544 1252 2575 intelligitur,
1272 2550 1328 2569 eam
1348 2550 1437 2569 mense
1457 2545 1544 2569 Martio
1563 2545 1621 2570 anni
1643 2546 1716 2571 1552.
1734 2546 1867 2577 prodiisse.

197 2582 244 2613 ††)
264 2583 315 2608 Hoc
334 2585 441 2608 testatur
461 2585 648 2610 Bertramus
668 2586 686 2612 l.
705 2585 721 2610 l.
739 2592 763 2616 p.
783 2585 841 2609 591.
