2299 2921
128 143 172 175 47
780 138 963 171 PHlLlPPl
986 136 1302 169 MELANTHOle
1325 135 1484 167 OPERA.
2085 137 2130 170 48

129 238 225 276 April.
249 237 296 267 22.
322 238 466 266 Bellaium
489 236 669 274 Langaeum,
689 236 816 273 episcop.
840 234 944 267 Paris„
964 238 1056 270 rogat,
1080 237 1111 260 ut
1134 240 1249 259 causam
1272 231 1425 268 Evangelii
1448 231 1477 260 in
1496 231 1595 260 Gallia
1616 237 1796 271 promoveat.

241 281 292 311 25.
315 280 506 309 Recuduntur
528 279 595 308 Mel.
618 279 676 307 loci
700 285 877 310 communes,
902 280 929 302 et
952 275 1090 312 apologia
1113 276 1190 311 Aug.
1212 274 1346 309 confess,
1371 284 1457 311 quam
1479 275 1537 302 fere
1555 285 1661 304 novam
1685 276 1763 304 facit.

320 324 409 351 Mittit
431 323 590 352 orationem
611 322 646 349 de
671 321 738 349 odio
760 319 940 356 sophistices.

131 378 200 408 Mai.
265 379 293 408 9.
316 379 487 415 Respondet
509 375 646 411 Sturmio,
669 385 700 404 se
722 375 845 402 libenter
867 373 897 400 in
921 371 1047 400 Galliam
1072 378 1221 400 venturum
1247 380 1320 407 esse,
1344 373 1429 400 modo
1453 381 1519 409 spes
1537 373 1575 401 sit
1597 373 1666 401 boni
1686 373 1796 411 aliquid
1821 373 1974 402 efficiendi.

247 421 297 450 24.
317 421 485 449 Melanthon
504 419 616 447 scribit:
653 416 865 453 „Quaestiones
888 415 981 443 habeo
1004 415 1109 443 multas
1129 415 1273 452 physicas.
1325 415 1448 443 Perveni
1477 416 1554 443 enim
1577 416 1613 444 ad
1637 426 1700 444 eam
1723 421 1844 454 partem,
1867 426 1941 453 quae
1963 415 2133 444 inscribitur

354 464 389 491 de
410 463 537 491 anima.“
564 477 603 481 -—
624 460 770 496 Physicen
794 462 905 486 tractat.

322 507 457 534 Exeunte
480 505 558 532 Maio
578 503 717 539 Cruciger
736 501 950 537 Norinbergam
975 500 1165 538 proficiscitur
1185 505 1213 527 et
1236 500 1312 528 dolet
1335 500 1415 535 Mel.,
1435 501 1512 537 quod
1533 501 1615 529 illum
1638 502 1769 529 comitari
1791 501 1845 529 sibi
1868 511 1926 528 non
1949 501 2043 529 liceat.

131 561 197 590 Iun.
271 562 298 590 7.
321 561 368 589 Ex
392 560 517 598 epistola
540 558 658 586 Ioannis
682 557 830 591 Friderici,
855 556 1001 592 Principis
1024 555 1183 588 Electoris‚
1208 556 1244 583 ad
1269 556 1464 593 Augustinum
1496 555 1659 584 Schurfium
1679 561 1706 584 et
1727 556 1851 584 Hieron.
1876 556 1978 593 Krapp
1999 556 2025 585 d.
2051 556 2077 584 d.
2105 557 2132 584 7.

355 603 419 630 Iun.
444 603 487 638 (in
510 600 648 629 Tabular.
673 600 771 628 Vinar.
794 599 922 636 Registr.
948 598 982 627 O.
1007 597 1058 627 fol.
1086 598 1154 627 156.
1178 597 1247 627 Litt.
1272 597 1301 627 J.
1327 599 1357 628 J.
1382 598 1428 635 J.)
1451 599 1633 636 intelligitur,
1654 599 1821 636 Principem
1842 598 2015 632 decrevisse,
2035 602 2067 625 ut
2080 607 2134 626 suo

352 649 469 682 sumptu
492 644 578 672 aedes
601 642 797 670 Melanthonis
820 641 943 678 amplior
965 641 1045 668 fieret
1068 647 1095 668 et
1118 640 1218 668 hortus
1232 641 1405 668 adjiceretur
1423 642 1459 669 ad
1474 642 1568 670 aulam
1592 642 1684 680 magis
1697 642 1940 679 amplificandum.
1972 639 2030 669 Sed
2048 640 2135 669 simul

356 688 463 722 scribit,
486 688 557 714 haec
580 686 746 713 inchoanda
765 694 828 712 esse
852 685 966 712 demum
993 683 1064 719 „auf
1078 681 1210 720 kunftige
1231 683 1368 713 Fasten“.

255 731 304 760 23.
328 731 512 764 Franciscus,
536 738 588 756 rex
612 727 737 762 Galliae,
760 727 978 755 Melanthonem
1000 727 1029 754 in
1054 725 1181 754 Galliam
1207 730 1299 755 vocat.

252 774 301 803 24.
326 772 440 802 Fuitne
463 770 651 800 Melanthon
673 770 730 799 hoe
753 778 841 798 anno
864 769 915 798 die
938 767 1075 797 Ioannis
1096 767 1255 806 baptistae
1281 767 1433 797 Coloniae
1460 768 1493 796 in
1519 771 1674 798 conventu
1701 768 1838 798 solemni
1861 767 2048 797 Liberorum
2076 766 2135 797 Ce-

354 815 586 844 menlarz'orwn
600 812 615 842 ⁴52

399 858 458 886 Res
482 858 552 885 haec
576 861 628 885 est.
655 873 697 877 -—
721 854 801 883 Ordo
825 854 997 882 Liberorum
1022 853 1272 882 Cementariorum
1301 853 1388 881 habet
1414 854 1555 891 scriptum
1579 854 1746 890 antiquum,
1770 854 1846 890 quod
1871 854 2080 881 Amstelodami
2104 853 2135 880 in

354 901 499 929 tabulario
528 900 637 928 ordinis
668 902 848 932 asservatur,
878 903 906 925 et
935 898 1065 926 continet
1095 897 1318 925 declarationem
1338 897 1553 924 moderatorum
1576 897 1763 925 Mansionum
1782 905 1833 924 seu
1855 896 2134 930 Tabernaculorum,

355 945 422 972 item
442 942 641 979 superiorum,
664 942 770 969 factam
795 946 822 968 et
855 941 992 978 scriptam
1021 941 1047 969 d.
1075 940 1124 969 ⁵24.
1151 939 1227 967 Iunii
1259 940 1346 968 1535.
1373 938 1515 967 Coloniae
1537 940 1566 966 in
1585 938 1738 967 Conventu
1763 939 1896 971 solemni,
1920 938 1972 966 sub
1997 938 2135 975 auspiciis

355 986 447 1014 Electi
471 986 613 1022 Magistri,
636 984 746 1012 Herm
760 985 861 1018 anui,
891 983 1106 1020 Archiepiscopi
1129 982 1330 1017 Coloniensis,
1362 982 1468 1011 habito.
1515 981 1715 1010 Declarationi
1742 982 1772 1009 in
1792 982 1847 1009 hoc
1878 985 2020 1009 conventu
2044 981 2136 1009 factae

355 1029 432 1057 XIX
455 1028 585 1066 magistri
609 1027 792 1055 Mansionum
815 1027 995 1064 singulorum
1018 1035 1071 1054 sua
1094 1035 1180 1053 manu
1204 1026 1447 1061 subscripserunt,
1471 1026 1547 1053 inter
1570 1034 1653 1062 quos,
1676 1029 1792 1062 praeter
1815 1023 1992 1052 Iacobum
2022 1023 2135 1051 Prae-

356 1072 518 1109 positum
540 1081 562 1100 s.
587 1070 820 1103 Probestam,
855 1070 1053 1097 Albertum
1087 1067 1379 1105 Hardenbergiu
1392 1078 1436 1102 m,
1469 1067 1641 1096 Iacobum
1676 1068 1717 1095 ab
1742 1067 2007 1101 Uttenhoven,
2031 1066 2136 1103 legitur

357 1115 443 1142 etiam
467 1114 681 1151 Philippus
705 1113 733 1140 M
749 1112 947 1141 elanthon.
975 1129 1014 1132 —-
1038 1110 1209 1146 Quaesitum
1234 1116 1286 1145 est,
1309 1120 1346 1138 an
1370 1111 1426 1138 hoc
1449 1111 1599 1148 scriptum,
1620 1111 1698 1147 quod
1722 1119 1780 1137 non
1795 1110 1851 1137 nisi
1873 1109 2015 1146 superiori
2038 1108 2137 1136 seculo

355 1156 500 1185 XVIIIvo
520 1156 655 1190 innotuit,
678 1156 714 1184 sit
732 1157 900 1192 genuinum,
923 1164 959 1182 an
984 1164 1052 1182 vero
1072 1153 1190 1182 fictum?
1214 1171 1255 1174 —
1280 1154 1422 1190 Equidem
1444 1154 1515 1181 illud
1536 1154 1675 1190 scriptum
1695 1162 1752 1180 non
1778 1152 1845 1187 vidi,
1858 1152 1909 1180 sed
1933 1151 1959 1180 b.
1975 1150 2136 1187 Miinterus,

356 1201 511 1238 episcopus
535 1198 715 1233 Seelandiae,
734 1199 798 1235 ipse
823 1198 917 1226 ordini
939 1198 1113 1234 adscriptus,
1136 1196 1208 1224 illud
1231 1201 1363 1224 accurate
1386 1197 1530 1233 depictum
1555 1197 1617 1233 (ein
1640 1195 1809 1230 Facsimile)
1834 1195 1914 1228 vidit,
1939 1198 1967 1221 et
1989 1194 2137 1230 professus

358 1248 412 1278 est,
434 1253 465 1271 se
485 1251 602 1270 manum
620 1241 826 1276 Melanthonis,
855 1241 910 1268 sibi
933 1241 1004 1268 satis
1027 1244 1136 1274 notam,
1160 1240 1324 1276 agnovisse.
1376 1239 1496 1266 Plurimi
1522 1244 1618 1266 autem
1641 1242 1794 1274 negarunt,
1816 1246 1872 1266 see.
1897 1235 1981 1264 XVI.
2006 1237 2137 1264 ordinem

356 1285 527 1314 Liberorum
562 1283 812 1312 cementariorum
838 1284 896 1311 iam
926 1283 1062 1316 adfuisse,
1097 1287 1248 1318 totumque
1282 1282 1420 1319 scriptum
1452 1282 1487 1309 ab
1518 1282 1674 1318 impostore
1697 1281 1727 1308 in
1751 1280 1873 1316 gloriam
1897 1278 2017 1307 Ordinis
2039 1279 2137 1307 seculo

356 1329 555 1365 praeterlapso
578 1328 676 1355 fictum
700 1335 763 1355 esse
787 1327 1004 1354 contenderunt.
1062 1324 1206 1362 Equidem
1240 1326 1269 1352 in
1299 1325 1353 1352 hac
1383 1334 1413 1351 re
1442 1324 1552 1361 aliquid
1575 1324 1695 1351 definire
1718 1323 1832 1359 quidem
1856 1321 1934 1356 nolo,
1957 1331 2045 1358 quum
2069 1322 2138 1350 scri-

356 1376 437 1408 ptum
459 1372 554 1408 ipsum
576 1370 672 1398 videre
696 1379 753 1397 non
776 1369 928 1406 potuerim,
951 1368 1001 1396 sed
1024 1372 1120 1395 tamen
1144 1377 1178 1395 ea
1196 1367 1243 1395 hic
1265 1367 1366 1404 paucis
1387 1367 1530 1404 attingere
1552 1366 1650 1401 liceat,
1674 1375 1747 1403 quae
1770 1365 1850 1400 mihi,
1873 1364 2013 1402 cogitanti
2027 1364 2082 1393 hac
2102 1365 2138 1392 de

357 1423 398 1449 re,
423 1423 487 1442 sese
510 1417 615 1451 sponte
638 1412 811 1440 obtulerunt.

400 1457 542 1484 Putabam
565 1456 648 1484 initio
671 1456 808 1492 scriptum
832 1463 896 1482 esse
918 1454 1026 1487 fictum,
1046 1458 1074 1481 et
1096 1453 1258 1490 sperabam,
1287 1462 1322 1480 ex
1346 1452 1477 1489 epistolis
1499 1462 1564 1480 cum
1587 1451 1709 1479 Lutheri
1738 1456 1798 1479 tum
1821 1449 2029 1484 Melanthonis,
2049 1449 2073 1478 si
2095 1458 2139 1477 se-

358 1500 483 1528 cundum
506 1499 568 1526 dies
592 1504 619 1526 et
640 1507 732 1526 annos
755 1498 861 1525 fuerint
884 1497 1052 1534 dispositae,
1075 1496 1160 1524 facile
1181 1496 1360 1524 intellectum
1384 1496 1428 1529 iri,
1447 1496 1496 1523 ubi
1510 1494 1681 1522 Melanthon
1700 1494 1728 1523 d.
1755 1494 1804 1522 20.
1823 1509 1863 1513 —
1882 1493 1930 1521 30.
1955 1492 2032 1520 Iunii
2048 1492 2139 1520 1535.

358 1543 453 1570 fuerit.
494 1542 609 1569 Etenim
632 1542 657 1569 si
680 1541 724 1568 vel
748 1550 806 1568 una
825 1540 948 1577 epistola
965 1543 1081 1576 reperta
1094 1539 1206 1574 fuisset,
1230 1548 1267 1566 ex
1290 1549 1347 1576 qua
1365 1538 1590 1575 intelligeretur,
1614 1537 1830 1565 Melanthonem
1854 1536 1881 1564 d.
1910 1534 1957 1564 24.
1982 1534 2060 1562 Iunii
2078 1544 2138 1563 non

360 1584 513 1619 Coloniae,
548 1585 598 1612 sed
627 1582 705 1612 alibi
737 1584 835 1618 fuisse,
871 1587 962 1611 totum
992 1587 1019 1610 et
1044 1583 1097 1609 iter
1121 1587 1149 1609 et
1171 1582 1308 1619 scriptum
1333 1582 1431 1609 fictum
1456 1590 1517 1609 esse
1540 1580 1704 1608 necessario
1728 1582 1960 1615 consequeretur.
2006 1577 2137 1613 Quisque

359 1629 423 1663 scit,
447 1627 584 1665 epistolas
607 1627 728 1655 Lutheri
751 1627 909 1654 secundum
927 1626 1057 1653 ordinem
1081 1625 1316 1662 chronologicum
1336 1625 1492 1662 dispositas
1515 1624 1631 1650 demum
1658 1622 1801 1659 prodiisse
1825 1630 1894 1649 cura
1915 1621 1950 1648 de
1974 1619 2086 1654 Wettii,
2110 1624 2139 1648 et

359 1672 474 1707 quidem
498 1670 636 1707 epistolas
658 1670 695 1697 ad
714 1679 780 1698 ann.
809 1670 900 1698 1535.
930 1669 1107 1706 pertinentes
1130 1669 1160 1696 in
1189 1668 1255 1697 Vol.
1285 1668 1337 1696 IV.
1368 1667 1556 1704 epistolarum
1581 1675 1658 1693 anno
1685 1665 1774 1693 1827.
1820 1663 1855 1691 In
1879 1664 1925 1691 his
1948 1667 2046 1691 autem
2065 1662 2138 1690 nihil

359 1713 474 1751 legitur,
498 1713 576 1750 quod
597 1712 694 1740 itineri
716 1712 913 1740 Melanthonis
937 1711 1123 1739 contradicat.
1170 1709 1339 1739 Certissime
1361 1715 1455 1737 autem
1479 1709 1642 1746 sperabam,
1665 1717 1711 1735 me
1733 1708 1762 1734 in
1787 1706 1916 1744 epistolis
1940 1706 2137 1734 Melanthonis

360 1757 468 1793 aliquid
493 1756 634 1783 eiusmodi
656 1756 839 1782 inventurum
860 1764 930 1782 esse.
976 1753 1052 1781 Nam
1074 1758 1160 1781 antea
1183 1754 1238 1781 hae
1261 1753 1400 1790 epistolae
1423 1753 1463 1779 ita
1483 1757 1564 1779 erant
1587 1752 1744 1787 dispersae,
1778 1754 1805 1777 et
1827 1755 1885 1777 tam
1909 1749 2016 1776 multae
2040 1758 2138 1776 earum

359 1800 487 1826 nondum
513 1799 617 1833 editae,
641 1803 671 1825 ut
690 1807 774 1825 nenio
796 1798 923 1834 profecto
942 1797 1050 1833 aliquid
1073 1797 1102 1824 in
1122 1797 1176 1823 hac
1199 1806 1229 1824 re
1258 1797 1302 1823 vel
1328 1795 1472 1822 affirmare
1504 1794 1549 1821 vel
1584 1803 1689 1830 negare
1722 1793 1871 1830 potuisset.
1920 1790 1977 1819 Sed
2010 1791 2138 1819 collectis

360 1842 487 1878 undique
511 1850 547 1868 ex
566 1840 648 1868 libris
667 1841 750 1867 editis
772 1847 799 1867 et
823 1840 1027 1876 manuscriptis
1040 1839 1234 1866 Melanthonis
1257 1838 1395 1875 reliquiis,
1420 1838 1512 1873 iisque
1531 1838 1559 1864 in
1584 1837 1712 1863 ordinem
1738 1836 1896 1862 secundun]
1920 1835 1981 1862 dies
2000 1840 2027 1862 et
2047 1842 2139 1862 annos

360 1884 519 1920 dispositis,
542 1883 614 1910 nihil
637 1892 754 1920 prorsus
777 1883 884 1917 inveni,
908 1883 985 1919 quod
1004 1882 1071 1909 huic
1093 1882 1188 1909 itineri
1208 1880 1378 1909 Coloniensi
1398 1881 1534 1914 officeret,
1557 1880 1616 1907 imo
1635 1878 1776 1913 intellexi,
1798 1878 1886 1915 plane
1909 1877 2019 1905 nullam
2039 1882 2139 1905 extare

361 1926 557 1954 Melanthonis
581 1925 731 1962 epistolam
753 1926 818 1952 inde
841 1935 858 1952 a
879 1926 905 1953 d.
935 1926 980 1952 13.
1006 1925 1079 1952 Iunii
1103 1934 1193 1961 usque
1216 1925 1251 1951 ad
1278 1925 1304 1951 7.
1335 1923 1401 1951 Iulii
1425 1924 1493 1950 anni
1512 1923 1601 1950 1535,
1626 1922 1775 1958 scriptam,
1799 1926 1826 1948 et
1850 1930 1912 1948 esse
1935 1920 2024 1957 igitur
2042 1921 2072 1948 in
2094 1929 2140 1948 or-

363 1970 429 1997 dine
455 1969 642 2006 epistolarum
670 1968 814 2003 lacunam,
839 1977 912 2004 quae
943 1968 1041 2004 utique
1061 1967 1227 2003 opinionem
1256 1967 1366 2000 firmat,
1404 1966 1620 1993 Melanthoneni
1640 1964 1690 1992 illo
1714 1969 1845 2001 tempore
1867 1964 1945 1991 domi
1968 1972 2027 1991 non
2050 1963 2140 1991 fuisse

362 2013 412 2040 sed
437 2012 466 2039 in
490 2012 599 2039 itinere.
646 2010 691 2038 De
715 2011 772 2038 alio
796 2015 892 2038 autem
911 2011 1021 2043 itinere,
1046 2010 1122 2046 quod
1147 2010 1202 2037 hoc
1226 2014 1356 2046 tempore
1381 2009 1489 2042 fecerit,
1519 2008 1604 2044 plane
1627 2007 1700 2034 nihil
1724 2011 1847 2035 constat.
1892 2005 1997 2043 Neque
2019 2006 2049 2033 in
2074 2015 2139 2033 cen-

364 2055 446 2082 turiis
470 2054 656 2092 epistolarum
676 2054 798 2081 aliorum
821 2053 970 2081 hominum
993 2053 1078 2080 istius
1101 2053 1163 2080 aevi
1186 2057 1246 2079 tum
1266 2053 1417 2085 editarum,
1440 2056 1499 2078 tum
1524 2051 1650 2078 nondum
1671 2050 1821 2082 editarum,
1841 2058 1912 2086 quas
1935 2049 2063 2086 perlegi,
2087 2048 2139 2076 ali-

364 2098 433 2135 quid
454 2098 560 2128 inveni.
583 2097 721 2134 quidquid
741 2097 942 2133 quaesiverim,
967 2096 1042 2132 quod
1062 2096 1117 2123 hoc
1139 2096 1192 2123 iter
1216 2095 1411 2122 Melanthonis
1435 2100 1481 2121 aut
1506 2098 1625 2121 testetur
1644 2097 1692 2120 aut
1716 2093 1873 2129 impugnet.

407 2140 580 2176 Quanquam
605 2145 700 2167 autem
721 2139 790 2166 nihil
816 2140 844 2166 in
869 2138 1000 2175 epistolis
1025 2138 1068 2165 vel
1092 2138 1286 2165 Melanthonis
1313 2138 1355 2165 vel
1377 2137 1499 2165 aliorum
1520 2137 1643 2173 legatur,
1665 2136 1740 2172 quod
1760 2139 1888 2169 testetur,
1911 2143 1975 2161 eum
1996 2134 2051 2161 hoc
2068 2137 2138 2160 tem-

364 2193 435 2220 pore
458 2184 487 2210 in
511 2183 613 2210 itinere
637 2182 681 2209 vel
696 2181 836 2210 Coloniae
860 2182 958 2215 fuisse,
982 2186 1079 2208 tamen
1101 2181 1187 2208 etiam
1212 2181 1281 2208 nihil
1301 2181 1419 2208 omnino
1439 2180 1592 2214 invenitur,
1611 2179 1688 2215 quod
1711 2181 1841 2212 testetur,
1865 2187 1928 2204 euni
1942 2174 2021 2204 alibi
2043 2176 2139 2209 fuisse.

366 2225 542 2262 Intelligitur
565 2234 649 2262 ergo,
672 2225 733 2252 fieri
759 2225 856 2261 utique
877 2224 1020 2261 potuisse,
1050 2228 1079 2251 ut
1103 2224 1270 2251 Melanthon
1292 2225 1345 2251 iter
1369 2222 1520 2251 Coloniam
1544 2222 1665 2254 faceret,
1690 2225 1717 2248 et
1740 2220 1873 2248 lacunam
1896 2220 1982 2247 trium
2004 2219 2140 2255 septima-

366 2278 479 2303 narum,
504 2278 576 2305 quae
598 2268 705 2295 nullam
730 2276 847 2304 prorsus
872 2267 1066 2294 Melanthonis
1095 2267 1247 2303 epistolam
1278 2266 1392 2300 habent,
1414 2275 1477 2293 cum
1502 2264 1643 2292 eiusmodi
1666 2264 1767 2291 itinere
1791 2272 1849 2290 non
1872 2262 1946 2290 male
1970 2270 2139 2298 congruere.

366 2311 433 2339 Hoc
468 2315 563 2338 autem
592 2320 677 2338 nemo
706 2311 779 2338 scire
811 2310 905 2347 potuit
933 2310 988 2336 nisi
1015 2310 1049 2343 is,
1073 2310 1121 2345 qui
1145 2318 1245 2336 omnes
1269 2310 1385 2336 omnino
1408 2307 1546 2346 epistolas
1567 2306 1763 2334 Melanthonis
1787 2315 1822 2333 ex
1846 2305 1992 2333 sexcentis
2010 2304 2093 2332 libris
2114 2308 2142 2331 et

367 2353 473 2381 libellis
497 2358 526 2381 et
547 2363 583 2381 ex
606 2353 810 2390 manuscriptis
833 2353 959 2389 undique
978 2352 1114 2379 collectas
1134 2357 1161 2379 et
1183 2352 1268 2380 simul
1291 2353 1320 2379 in
1345 2352 1475 2379 ordinem
1499 2349 1735 2386 chronologicum
1759 2348 1915 2385 dispositas
1936 2347 2064 2375 haberet.

408 2413 469 2440 Iam
490 2423 566 2447 vero,
593 2413 617 2441 si
634 2413 685 2440 illa
710 2412 866 2440 declaratio
881 2410 1064 2440 Coloniensis
1093 2411 1129 2439 ab
1150 2412 1318 2448 impostore,
1341 2411 1439 2439 nescio
1459 2420 1525 2447 quo,
1545 2409 1643 2437 seculo
1663 2408 1861 2446 praeterlapso
1884 2408 1998 2435 demum
2023 2406 2143 2434 conficta

366 2461 451 2489 esset,
470 2457 520 2483 vix
538 2456 757 2493 intelligeretur,
782 2464 838 2491 quo
862 2455 948 2482 modo
971 2459 1068 2481 tantae
1087 2455 1228 2490 potuisset
1263 2463 1325 2482 esse
1355 2454 1541 2488 temeritatis,
1564 2457 1596 2480 ut
1618 2451 1833 2479 Melanthonem
1853 2459 1906 2478 suo
1930 2451 2068 2486 figmento
2091 2449 2143 2476 im-

368 2499 509 2532 misceret,
545 2503 573 2526 et
604 2499 791 2526 contenderet
814 2498 893 2525 illum
918 2498 944 2525 d.
970 2497 1018 2525 ⁵24.
1038 2496 1113 2524 Iunii
1142 2498 1168 2524 h.
1199 2507 1223 2524 a.
1248 2496 1388 2524 Coloniae
1414 2497 1510 2523 fuisse.
1549 2494 1579 2524 Si
1603 2496 1629 2522 ei
1652 2500 1751 2522 notum
1776 2494 1838 2527 fuit,
1859 2498 1929 2530 quot
1948 2491 2143 2519 Melanthonis

368 2545 467 2567 extent
487 2541 582 2569 adhuc
607 2541 748 2578 epistolae
778 2550 814 2568 ex
834 2541 936 2577 quovis
966 2549 1062 2568 mense
1092 2544 1120 2566 et
1142 2549 1228 2574 anno,
1259 2545 1329 2576 quot
1351 2549 1448 2567 earum
1472 2539 1580 2566 lateant
1603 2538 1730 2565 nondum
1755 2538 1857 2570 editae,
1881 2536 1958 2563 haud
1981 2534 2066 2562 dubie
2085 2542 2143 2560 non

367 2592 455 2611 ausus
486 2583 589 2612 fuisset
616 2584 756 2612 eiusmodi
783 2583 975 2617 mendacium,
1004 2583 1082 2619 quod
1113 2582 1191 2610 facili
1225 2583 1341 2619 negotio
1368 2582 1522 2610 refutatum
1545 2581 1581 2608 iri
1600 2580 1743 2609 coniicere
1765 2580 1858 2617 potuit
1876 2578 1920 2606 vel
1944 2587 2002 2605 una
2023 2575 2145 2614 epistola
