2299 2921
1554 67 1583 77 -r

157 104 220 135 275
808 101 996 134 PHILIPPI
1023 100 1341 134 MELANTHONIS
1371 101 1529 133 OPERA.

155 199 301 233 Flacio,
322 198 496 236 Illyrico,
514 198 717 226 Matthiae:

202 241 320 270 Narras
338 242 410 270 mihi
431 241 572 269 beneficia
594 246 650 269 tua.
675 240 756 275 VIII,
777 241 846 269 839.

157 284 341 314 Forstero
366 283 661 320 (Forsthemio),
684 283 839 311 Ioanni:

202 326 301 356 Deum
325 332 439 364 patrem
461 327 625 354 liberatoris
644 342 694 354 —.
714 326 814 354 Vides.
838 324 891 360 IV,
914 323 985 355 902.

1239 197 1386 226 Existimo
1409 197 1492 226 vobis
1511 198 1683 226 exhibitum.
1705 197 1729 233 I,
1756 199 1847 228 1001.

1241 239 1379 268 Intellexi
1398 244 1427 268 te
1449 250 1570 268 uxorem
1590 241 1717 271 duxisse.
1737 240 1761 276 I,
1786 241 1859 271 721.

1239 282 1328 311 Ionas
1349 287 1450 311 noster
1469 283 1577 311 abiens.
1601 282 1643 317 11,
1669 283 1718 312 42.

1240 325 1381 363 Magister
1403 325 1490 353 Vitus
1512 326 1587 354 hinc.
1612 325 1636 361 I,
1662 325 1733 355 927.

1240 367 1310 396 Non
1334 368 1385 396 alii
1406 368 1511 397 melius
1534 369 1570 396 de
1593 369 1688 396 rebus.
1711 368 1735 403 I,
1755 369 1825 398 925.

1240 408 1335 447 Saepe
1357 421 1403 439 me
1424 411 1461 439 ad
1484 412 1677 440 scribendum.
1703 410 1728 444 Ι,
1756 411 1847 441 1005.

1197 453 1324 489 Fried,
1344 463 1367 483 s.
1392 453 1605 489 Friedrich,
1627 454 1918 490 christophoro:

205 369 352 398 Nicolaus
375 370 512 398 Bromius
534 367 792 397 Francofortanus.
816 367 872 403 ΙΠ,
896 368 967 397 987.

204 412 277 441 Non
301 413 411 447 dubito,
436 413 504 448 quin
529 420 574 439 ex.
597 410 653 446 ΙΠ,
677 412 749 440 570.

207 455 393 491 Quamquam
415 455 554 482 iudicium
577 458 705 481 vestrum
727 462 793 482 non.
818 452 903 489 VIII,
928 454 977 482 55.

206 498 248 527 Ut
270 497 379 535 Ioseph
399 497 485 525 etiam
504 498 543 524 in.
568 496 637 531 VII,
662 497 732 525 907.
1241 495 1359 525 Usitata
1380 500 1447 524 sunt
1470 497 1559 525 exilia
1576 497 1735 525 Ecclesiae.
1759 496 1828 532 VII,
1853 498 1923 527 388.

161 540 341 574 Francio,
364 539 673 568 Bartholomaeo:
1198 538 1341 573 Frisio,
1364 540 1513 568 Bernh.:

207 585 287 612 Ante
305 583 410 620 viginti
433 591 526 610 annos
547 582 594 610 ad.
618 581 674 616 IX,
703 581 771 611 152.
1242 581 1382 618 Magnam
1406 582 1477 610 mihi
1499 582 1686 620 voluptatem.
1710 581 1751 616 Π,
1776 583 1847 612 935.

162 625 362 656 Francicis
387 623 751 653 concionatoribus:
1200 623 1501 661 Friso(F1-isio),
1520 625 1664 654 Ioanni:

208 670 297 697 Anno
323 667 403 696 1542
426 667 574 696 Lutherus
597 676 658 696 suo.
682 666 768 701 VHI,
791 666 862 696 396.
1243 665 1418 704 Quanquam
1441 668 1532 696 videri
1550 668 1596 696 vel
1619 668 1781 696 curiositas.
1804 667 1858 703 IV,
1885 668 1976 697 1048.

164 711 371 741 Francisco
395 710 433 745 1..
453 711 547 748 Regi
567 709 734 739 Galliae:
1199 709 1377 745 Fuchsio,
1399 709 1639 738 Leonhardo:

211 753 286 783 Cum
305 753 371 782 aliis
393 754 492 782 multis
515 753 704 782 ornamentis
736 752 776 785 Π,
801 753 872 782 913.
1243 750 1317 780 Cum
1339 753 1399 781 scio
1422 758 1450 780 te
1473 762 1596 781 summo.
1621 753 1677 785 ΙΙΙ,
1702 754 1773 782 411.

210 795 334 834 Semper
357 796 499 833 singulari
522 796 715 825 observantia.
740 795 796 830 ΠΙ,
822 795 893 826 695.
1241 795 1281 823 Et
1303 800 1420 833 propter
1442 796 1546 833 ipsam.
1570 796 1607 829 V,
1631 797 1702 824 555.

209 839 252 868 Ut
274 840 304 867 in
326 839 452 876 publicis
468 839 619 867 libertatis.
642 838 695 874 IV,
721 838 790 868 327.
1242 838 1307 866 Etsi
1325 839 1400 866 hanc
1423 843 1551 866 nostram
1575 839 1717 867 militiam.
1739 838 1793 873 IV,
1818 839 1888 867 554.

168 882 388 917 Francisco,
409 881 538 910 Ottoni
563 887 595 909 et
615 881 817 916 fratribus,
837 880 1000 909 Ducibus
1012 879 1146 909 Bruns-
1241 879 1406 918 Lysippum
1424 881 1544 918 Apelles
1568 881 1714 910 excitavit.
1736 881 1789 916 IV,
1817 882 1864 910 18.

209 926 346 954 vicens.
370 930 403 952 et
425 924 579 954 Luneb.:
1242 924 1399 952 Meministi
1421 928 1548 952 veterem
1570 924 1804 961 disputationem.
1826 923 1883 960 III,
1910 924 2001 954 1246.

209 968 410 996 Pulcherrima
431 977 478 996 res
502 972 553 995 est.
575 966 628 1002 IV,
653 967 724 996 930.
1241 966 1337 995 Paulo
1360 970 1427 995 ante
1446 967 1486 994 ita
1507 967 1609 995 revixi.
1632 966 1690 1002 ΙΙΙ,
1715 967 1806 995 1210.

166 1010 484 1040 Francofordensi
508 1010 564 1046 (ad
583 1009 755 1045 oderam)
779 1010 1017 1038 Academiae:
1241 1009 1402 1046 Postquam
1424 1009 1482 1046 legi
1505 1010 1708 1038 narrationem.
1732 1009 1773 1044 H,
1793 1009 1864 1039 718.

211 1054 301 1091 Apud
323 1053 550 1091 Xenophontem
574 1051 678 1090 Cyrus.
701 1052 753 1088 VI,
774 1053 843 1082 616.
1233 1050 1369 1090 ’Ἄγγελος
1392 1049 1501 1086 ἐσθλὸς
1522 1050 1620 1090 τιμάν.
1644 1052 1700 1087 ΙΙΙ,
1726 1053 1795 1081 006.

210 1095 285 1125 Cum
308 1097 338 1125 in
361 1096 496 1125 Ecclesia
517 1095 633 1124 multae.
653 1095 706 1130 VI,
733 1096 802 1124 108.
1198 1095 1406 1129 Fuldnero,
1429 1095 1552 1123 Petro:

210 1140 332 1168 Memini
352 1139 495 1168 Basilium
517 1139 620 1167 dicore.
644 1138 697 1175 IV,
718 1139 789 1167 899.
1242 1138 1377 1176 Intelligo
1400 1138 1437 1165 ad
1460 1147 1573 1166 munus.
1594 1137 1632 1173 V,
1659 1138 1728 1166 190.

167 1182 565 1211 Francofordensibus
600 1182 658 1214 (ad
692 1182 873 1218 Moenum)
897 1179 1147 1209 concionato-
1198 1180 1329 1216 Fusio,
1355 1180 1593 1217 wolfgango:

209 1225 328 1254 ribus:
1243 1225 1320 1251 Ante
1343 1232 1435 1250 annos
1456 1223 1674 1260 quinquaginta.
1696 1222 1782 1258 VIH,
1808 1223 1878 1251 266.

211 1268 278 1296 Etsi
297 1276 382 1305 spero
405 1267 496 1297 vobis.
521 1266 589 1302 VII,
614 1266 685 1296 321.
1242 1265 1330 1294 Hanc
1349 1265 1464 1293 brevem
1488 1266 1649 1302 epistolam.
1674 1264 1759 1299 VHI,
1784 1265 1854 1295 270.

210 1310 245 1339 In
270 1315 352 1338 tanta
374 1310 572 1338 Ecclesiarum
591 1309 791 1346 dissipatione.
815 1308 885 1344 VII,
909 1307 979 1338 322.
1242 1307 1364 1337 Utinam
1383 1308 1445 1343 tibi,
1468 1308 1507 1336 mi
1530 1307 1713 1345 Wolfgange.
1736 1307 1806 1343 VII,
1828 1309 1919 1337 1114.

167 1353 363 1389 Frechtio,
387 1353 565 1381 Martino:

212 1395 338 1425 Gaudeo
361 1396 437 1424 inter
459 1404 513 1423 nos
536 1395 708 1424 officiorum.
731 1393 773 1429 ΙΙ,
796 1395 867 1424 955.
1203 1392 1329 1429 Gallo,
1353 1393 1402 1428 N.⁷

168 1438 344 1474 Fredero,
366 1438 516 1467 Ioanni:
1245 1437 1311 1465 Etsi
1334 1445 1393 1471 eos,
1417 1436 1466 1472 qui
1489 1441 1636 1473 praesunt.
1660 1435 1745 1471 VIH,
1772 1436 1843 1465 102.

210 1481 319 1510 Fateor
338 1491 401 1510 esse
423 1490 530 1519 magna
551 1485 730 1509 ornamenta.
754 1479 810 1515 III,
834 1480 905 1508 464.
1244 1480 1293 1507 Me
1316 1479 1452 1516 cupidum
1471 1487 1542 1507 esse.
1565 1478 1650 1513 VIII,
1671 1480 1741 1508 915.

210 1524 303 1553 Nulla
325 1534 453 1563 unquam
476 1533 542 1552 vox.
566 1523 652 1559 VIII,
677 1524 748 1552 595.
1151 1514 1176 1562 ,Ι
1243 1521 1310 1551 Scio
1333 1522 1363 1550 in
1386 1522 1624 1550 dissensionibus.
1646 1521 1702 1555 IX,
1726 1522 1797 1550 518.

169 1568 402 1603 Frentzelio,
425 1567 632 1595 Ioachimoz
1243 1564 1356 1593 Unicus
1378 1565 1426 1592 hie
1448 1569 1549 1602 portus
1573 1569 1601 1593 et
1623 1565 1720 1594 unica.
1744 1564 1813 1599 VH,
1837 1564 1908 1593 972.

212 1611 286 1646 §mich
307 1611 355 1648 bat
373 1612 445 1640 mein
467 1616 543 1647 guter
564 1609 671 1644 &reunb
693 1607 920 1646 Εὲῡῐίᾓορβοτιιέ.
943 1607 996 1644 VI,
1021 1607 1091 1637 664.
1201 1607 1386 1643 Garcaeo,
1410 1607 1558 1636 Ioanni:

168 1654 368 1683 Friderico
386 1653 452 1689 IL,
476 1653 568 1691 Regi
590 1653 750 1681 Daniae:
1242 1650 1389 1680 Iusseram
1411 1650 1513 1685 filium,
1535 1654 1567 1677 ut
1586 1649 1664 1678 mihi.
1687 1649 1756 1684 ΥΠ,
1782 1649 1853 1678 569.

211 1696 340 1732 mutuati)
362 1697 412 1726 bitt
431 1698 467 1732 id)
492 1698 554 1730 autb
580 1697 598 1724 i.
618 1697 651 1725 U.
672 1697 705 1725 (Ξ.
724 1695 758 1724 R.
779 1695 823 1725 ffll.
843 1694 921 1724 molle
941 1693 1007 1732 biefe
1030 1692 1145 1731 ῧῷτίβ,
1242 1694 1364 1722 Memini
1387 1703 1472 1730 quam
1496 1692 1658 1720 difficulter.
1680 1691 1734 1727 III,
1758 1693 1828 1721 330.

256 1741 405 1777 betangenn
431 1741 506 1769 einen
529 1739 668 1776 ebrlicfaen.
693 1740 803 1776 jungen.
826 1736 882 1773 IX,
907 1737 979 1767 950.
1243 1735 1317 1764 Sunt
1338 1737 1482 1764 interdum
1505 1735 1616 1772 aliquot
1638 1744 1770 1763 arcanae.
1795 1734 1862 1770 VII,
1887 1735 1957 1764 557.

212 1782 352 1818 Quotidie
372 1788 400 1810 et
422 1783 572 1811 recitanda
592 1787 644 1810 est.
668 1780 725 1816 IX,
751 1781 841 1810 1000.
1201 1777 1385 1814 Gaurieo,
1407 1778 1540 1806 Lucae:

168 1826 365 1854 Friderico
385 1824 572 1862 Sapienti,
595 1823 689 1852 Duci
711 1822 842 1852 Saxon.
866 1822 1049 1851 Electori:
1245 1822 1319 1851 Cum
1343 1822 1541 1859 Hieronymus
1565 1819 1727 1849 Schreiber.
1749 1821 1786 1855 V,
1813 1821 1882 1849 185.

211 1869 324 1907 Accepi
347 1868 393 1896 ΙΙΙ.
418 1867 518 1896 Celsit.
542 1868 625 1895 Tuae
647 1868 765 1895 donum.
791 1866 814 1901 Ι,
842 1866 910 1895 129.
1201 1864 1378 1899 Gelenio,
1402 1863 1659 1901 Sigismundo:

211 1911 289 1940 Boni
312 1911 444 1939 consulat
466 1910 500 1939 C.
525 1911 571 1945 V.,
591 1910 668 1947 quod
691 1910 736 1939 ad.
759 1909 784 1944 I,
809 1909 880 1937 513.
1244 1908 1352 1936 Reddit
1371 1907 1442 1935 mihi
1462 1907 1561 1934 literas
1583 1912 1647 1934 tuas
1669 1906 1847 1934 adolescens.
1870 1905 1894 1941 I,
1918 1905 1990 1934 806.

212 1954 340 1983 Rursum
362 1963 439 1982 novo
462 1953 595 1991 exemplo
618 1952 665 1981 Ill.
689 1950 722 1980 C.
746 1952 783 1980 V.
812 1950 836 1986 I,
860 1952 929 1980 119.
1244 1949 1368 1979 Senatus
1390 1949 1637 1986 Norinbergensis
1660 1949 1780 1978 civibus.
1804 1948 1828 1984 I,
1853 1948 1924 1977 720.

169 1997 386 2032 Friderico,
409 1996 502 2025 Duci
522 1995 781 2032 Liegnicensi:
1201 1993 1335 2029 Geloo,
1359 1992 1617 2030 Sigismundo:

212 2041 277 2069 Etsi
301 2040 481 2068 calamitates
503 2039 646 2076 publicae.
672 2038 742 2073 VII,
762 2037 834 2066 768.
1243 2035 1313 2065 Non
1337 2037 1483 2064 oblivione
1505 2036 1556 2063 tui.
1578 2034 1634 2070 IX,
1659 2035 1728 2063 822.

212 2083 260 2118 Sci)
279 2085 333 2112 unb
354 2086 436 2112 <inbre
461 2082 540 2119 albic.
565 2082 618 2115 IV,
640 2082 732 2110 1019.
1202 2078 1388 2117 Georgio,
1411 2078 1582 2115 Principi
1606 2077 1824 2106 Anhaltino:

211 2126 450 2154 Manit'estissima
472 2125 579 2153 veritas
603 2130 653 2152 est.
676 2123 746 2158 VII,
766 2123 837 2152 570.
1245 2124 1312 2159 Ago
1335 2122 1444 2160 gratias
1468 2121 1531 2150 Deo
1554 2139 1605 2151 -.
1630 2121 1770 2149 Meminit.
1793 2119 1861 2155 VII,
1887 2121 1955 2149 135.

212 2169 297 2197 Nihil
319 2168 437 2196 dubium
461 2172 505 2196 est
527 2168 667 2196 ordinem.
690 2165 747 2201 IX,
772 2166 843 2194 655.
1244 2167 1311 2203 Ago
1334 2165 1444 2202 gratias
1467 2164 1533 2192 Deo
1555 2181 1605 2192 —.
1631 2163 1726 2192 Nunc.
1750 2163 1818 2199 ΥΠ,
1842 2163 1912 2192 619.

212 2211 284 2240 Non
303 2221 372 2240 casu
394 2211 523 2239 nascitur
543 2219 644 2247 genus.
670 2208 726 2243 IX,
752 2210 822 2237 634.
1242 2210 1321 2237 Ante
1344 2209 1462 2236 biduum
1487 2217 1551 2235 cum
1572 2207 1637 2234 hac.
1659 2206 1698 2241 II,
1722 2207 1792 2235 797.

169 2255 383 2289 Friderico,
407 2253 584 2281 Palatino
608 2252 792 2281 Electori:
1242 2252 1332 2289 Apud
1355 2250 1472 2279 Esaiam
1495 2250 1645 2287 promittit.
1669 2249 1722 2284 IV,
1744 2249 1814 2278 563.

212 2296 413 2326 Certissimum
436 2301 488 2330 est,
509 2296 639 2333 legitima
660 2295 792 2332 imperia.
816 2291 962 2337 IX‚.·960.
1242 2294 1332 2331 Apud
1354 2293 1537 2322 Ezechielem
1555 2293 1644 2320 iubet.
1668 2292 1722 2327 VI,
1747 2292 1817 2321 755.

169 2340 385 2375 Friderico,
408 2339 561 2367 Abbati:
1243 2338 1342 2366 Audio
1365 2346 1427 2365 eam
1451 2345 1522 2364 esse.
1545 2335 1600 2371 ΠΙ,
1628 2336 1718 2364 1093.

217 2381 291 2411 Cum
315 2391 396 2411 meus
418 2383 550 2410 minister
572 2382 635 2409 iter.
658 2380 684 2416 I,
707 2381 777 2410 994.
1243 2380 1322 2408 Aula
1345 2379 1471 2407 decrevit
1493 2378 1578 2415 Regi.
1602 2377 1668 2413 VH,
1692 2377 1763 2406 512.

215 2424 368 2454 cunradus
392 2426 490 2453 Musei·
513 2424 636 2462 rogavit.
661 2424 684 2462 Ι,
710 2424 799 2452 1114.
1243 2422 1320 2452 Cels.
1343 2423 1381 2451 V.
1405 2422 1488 2450 mitto
1511 2422 1678 2449 concionem
1702 2420 1806 2447 subito.
1829 2418 1898 2454 VH,
1919 2419 1989 2448 675.

214 2469 348 2497 Duarum
371 2469 562 2496 maximarum
585 2467 731 2494 virtutum.
754 2465 822 2500 VII,
842 2465 911 2494 977.
1244 2464 1321 2494 Cels.
1344 2466 1379 2493 V.
1404 2465 1487 2493 mitto
1505 2474 1599 2492 meum
1623 2464 1659 2491 de
1678 2462 1869 2491 cantionibus.
1892 2461 1931 2496 II,
1956 2462 2026 2490 640.

214 2512 280 2549 Ego
304 2511 342 2539 mi
362 2510 398 2538 D.
424 2511 523 2539 Abbas
542 2511 603 2538 iure
626 2510 744 2546 possim.
768 2509 792 2544 I,
817 2508 888 2537 926.
1243 2507 1321 2537 Cels.
1346 2509 1381 2537 V.
1405 2508 1520 2535 remitto
1542 2507 1674 2544 paginas.
1698 2505 1750 2541 VI,
1770 2506 1840 2534 891.

214 2555 262 2583 Ex
286 2553 431 2582 Osiandro
453 2553 592 2581 intellexi.
616 2552 672 2587 III,
699 2553 788 2581 1174.
1244 2549 1320 2580 Cels.
1345 2551 1382 2581 V.
1405 2551 1461 2579 scit
1483 2554 1623 2588 oportere.
1647 2548 1700 2584 VI,
1723 2549 1794 2578 818.

2110 105 2176 136 276
