2299 2921
161 1011 328 1068 Absoluto
356 1031 487 1067 tandem
515 1042 611 1077 opere
639 1030 917 1069 Melanffioniano,
947 1028 1026 1062 illud
1055 1028 1159 1062 adhuc
1188 1041 1205 1062 a
1234 1029 1326 1063 nobis
1356 1030 1424 1063 iure
1453 1030 1536 1076 exigi
1566 1043 1658 1077 posse
1687 1031 1865 1073 videbatur,
1895 1037 1930 1065 ut
1958 1030 2080 1066 indices
2109 1031 2169 1066 ad—

164 1111 325 1152 deremus,
354 1120 491 1156 quorum
519 1118 579 1152 ope
607 1106 730 1150 singula
760 1105 898 1151 Philippi
926 1105 1042 1150 scripta
1077 1116 1135 1150 per
1169 1105 1331 1139 volumina
1358 1106 1469 1151 viginti
1498 1111 1570 1141 octo
1604 1107 1758 1153 disposita
1794 1108 1896 1142 lector
1923 1108 2008 1142 sacili
2036 1108 2168 1154 negotio

164 1187 306 1220 invenire
334 1189 450 1231 posset.
494 1182 665 1216 Habentur
692 1181 844 1228 equidem
873 1180 1032 1215 eiusmodi
1062 1181 1183 1216 indices
1210 1187 1279 1216 tum
1307 1182 1442 1227 singulis
1470 1183 1686 1218 voluminibus
1714 1184 1861 1230 praefixi,
1890 1189 1959 1218 tum
1988 1184 2020 1218 in
2042 1184 2169 1218 decimo

164 1263 308 1303 collecti3
352 1261 408 1296 sed
445 1271 550 1306 neque
584 1258 754 1292 commode
787 1258 826 1292 ad
864 1263 912 1292 tot
952 1258 1115 1292 volumina
1149 1258 1321 1293 evolvenda
1358 1259 1527 1305 ablegatur
1567 1261 1621 1307 qui
1664 1272 1765 1295 unum
1807 1261 1940 1295 sortasse
1978 1261 2169 1307 opusculum

165 1350 300 1374 unamve
329 1338 497 1384 epistolam
526 1335 669 1382 quaerit,
699 1340 731 1369 et
757 1347 831 1369 vero
860 1335 960 1369 multa
988 1335 1211 1380 supplementa
1240 1335 1446 1381 postmodum
1475 1343 1703 1380 accreverunt,
1733 1349 1817 1384 quae
1845 1338 1877 1371 in
1912 1338 1979 1373 istis
2008 1337 2170 1372 indicibus

166 1414 300 1449 indicari
334 1425 398 1448 non
434 1416 619 1459 potuerunt.
676 1411 848 1445 Communi
885 1411 993 1457 itaque
1022 1410 1192 1445 commodo
1221 1412 1341 1457 optime
1370 1413 1413 1446 ita
1442 1414 1625 1449 consultum
1653 1414 1691 1449 iri
1720 1415 1918 1460 putavimus,
1955 1420 1991 1449 ut
2019 1415 2073 1462 qui
2102 1415 2170 1449 sin-

166 1492 248 1536 gulis
275 1489 490 1524 voluminibus
528 1488 659 1534 praefixi
695 1488 758 1521 iam
785 1488 947 1521 habentur
981 1487 1120 1529 indices,
1155 1489 1187 1522 in
1216 1500 1313 1522 unam
1342 1489 1485 1524 tabulam
1513 1491 1698 1535 generalem
1726 1489 1750 1530 A
1778 1492 2026 1538 colligerentur,
2065 1497 2171 1527 totum

166 1567 276 1612 viginti
304 1571 377 1600 octo
406 1565 604 1599 voluminum
640 1576 720 1610 opus
748 1564 882 1610 eiusque
917 1564 1161 1610 dispositionem
1189 1577 1255 1599 uno
1284 1567 1374 1612 quasi
1409 1567 1524 1601 obtutu
1552 1567 1773 1602 exhibentem.
1830 1569 1915 1603 Huic
1942 1569 2170 1603 subiunximus

167 1644 307 1677 indicem
332 1642 356 1681 B
384 1641 623 1688 alphabeticum
651 1652 764 1675 eorum
793 1640 961 1675 hominurn
990 1641 1029 1675 ad
1058 1653 1137 1688 quos
1165 1643 1354 1677 Melanthon
1383 1644 1533 1690 epistolas
1561 1645 1775 1691 praefationes
1803 1645 1922 1679 iudicia
1950 1646 2092 1692 scripsit,
2130 1657 2169 1679 ex

167 1720 330 1755 volumine
364 1718 490 1753 decimo
525 1718 633 1752 denuo
659 1729 871 1764 expressum,
911 1718 967 1752 sed
1002 1718 1210 1753 emendatum
1238 1725 1335 1766 atque
1364 1726 1511 1763 auctum,
1541 1723 1774 1768 supplementis
1802 1734 1885 1769 quae
1914 1735 1971 1769 per
1998 1727 2171 1769 sequentes

168 1803 272 1831 tomos
299 1808 405 1842 sparsa
435 1796 586 1841 leguntur
613 1806 671 1828 suo
699 1794 851 1841 quodque
886 1795 955 1828 loco
986 1796 1129 1837 insertis,
1166 1797 1282 1830 omissa
1311 1799 1521 1832 annotatione
1549 1799 1717 1841 historica,
1756 1810 1852 1846 quam
1881 1799 2049 1846 quaerenti
2079 1799 2171 1833 facile

170 1873 337 1920 praebebit
363 1877 469 1906 tomus
497 1872 651 1905 decimus.
708 1872 803 1905 Hunc
831 1872 996 1917 excipiunt
1024 1873 1166 1919 quinque
1196 1873 1334 1916 indices,
1368 1872 1391 1912 C
1419 1876 1555 1909 aliorum
1588 1876 1726 1910 virorum
1756 1888 1893 1923 quorum
1922 1882 1990 1910 tum
2018 1876 2172 1922 epistolae

170 1956 238 1984 tum
266 1949 327 1982 alia
356 1949 470 1994 scripta
495 1948 768 1982 Melanthonianis
792 1949 976 1982 intermixta
1005 1949 1173 1994 leguntur,
1205 1949 1230 1987 Ι)
1253 1951 1512 1986 testimoniorum
1541 1965 1557 1986 a
1582 1953 1729 1999 Philippo
1758 1953 1926 1995 datorum,
1955 1951 1983 1991 E
2011 1952 2170 1987 dictorum

171 2026 362 2073 philothecis
391 2025 634 2071 inscriptorum,
670 2022 692 2061 F
721 2024 972 2069 praefationum,
1007 2024 1032 2064 G
1061 2026 1252 2061 iudiciorum
1281 2029 1489 2064 consiliorum
1526 2030 1763 2074 narrationum,
1792 2034 1824 2063 ct
1852 2030 1909 2075 ipsi
1940 2040 1979 2063 ex
2007 2029 2171 2063 volumine

171 2103 296 2137 decimo
325 2102 470 2148 repetiti,
500 2101 556 2135 sed
584 2101 717 2135 correcti
746 2106 778 2134 et
805 2102 953 2147 suppleti.
1010 2104 1075 2144 Qui
1104 2108 1181 2138 tunc
1208 2110 1388 2151 sequuntur
1416 2106 1537 2141 indices
1574 2107 1733 2153 quinque,
1767 2106 1792 2144 H
1820 2107 2027 2152 epistolarum
2057 2107 2171 2152 alpha-

171 2180 296 2214 beticus
324 2191 380 2225 per
407 2178 518 2220 initia,
548 2178 558 2215 Ι
588 2182 619 2211 et
646 2177 672 2216 Κ
702 2178 897 2221 carminum,
938 2179 961 2217 L
990 2180 1191 2223 orationum,
1231 2179 1262 2219 M
1289 2183 1544 2228 propositionum
1574 2189 1606 2217 ct
1633 2184 1905 2229 disputationum,
1935 2183 2069 2216 omnino
2099 2183 2170 2217 novi

173 2260 385 2290 accesserunt.
443 2255 493 2288 Ad
521 2255 600 2288 haec
637 2255 733 2288 etiam
763 2255 894 2287 annales
928 2255 1009 2288 vitae
1037 2257 1322 2292 Melanthonianae
1350 2271 1407 2304 per
1435 2272 1547 2293 novem
1577 2261 1680 2305 priora
1710 2261 1870 2293 volumina
1899 2271 2024 2305 sparsos
2052 2260 2169 2293 iterum

174 2332 388 2377 expressimus
416 2332 447 2365 in
477 2343 577 2366 unum
606 2336 785 2376 congestos.
834 2333 939 2366 Erunt
966 2333 1110 2375 fortasse,
1140 2334 1194 2380 qni
1224 2334 1362 2369 indicem
1392 2348 1521 2383 quoque
1550 2348 1655 2370 rerum
1684 2341 1780 2382 atque
1809 2335 1978 2370 verborum
2008 2335 2169 2370 adiectum

174 2409 282 2448 velint,
311 2408 554 2454 amplissimum,
584 2409 691 2442 omnia
720 2409 923 2454 complexum
952 2409 1065 2443 ordine
1093 2410 1307 2456 alphabetico,
1337 2424 1436 2458 quum
1467 2413 1564 2446 nostri
1594 2412 1715 2447 indices
1743 2424 1839 2458 opera
1863 2418 1990 2447 tantum
2014 2412 2168 2456 indicent,

175 2497 239 2518 non
267 2485 391 2529 singula
421 2496 502 2530 quae
532 2485 568 2518 iis
596 2486 803 2519 continentur
831 2486 972 2528 nomina,
1003 2486 1109 2529 verba,
1138 2487 1230 2529 sacta,
1261 2500 1321 2529 res,
1351 2490 1536 2523 sententias.
1588 2489 1652 2529 Qui
1681 2488 1877 2534 expendant,
1907 2489 2064 2523 eiusmodi
2090 2501 2169 2535 opus

174 2573 243 2596 esse
281 2561 401 2594 altioris
443 2560 603 2605 indaginis
638 2562 796 2608 molisque
831 2562 926 2607 longe
963 2563 1092 2598 maioris
1131 2574 1227 2611 quam
1262 2577 1344 2611 quae
1378 2566 1438 2599 hoc
1476 2577 1540 2599 uno
1576 2565 1717 2599 indicum
1746 2566 1910 2603 volumine
1943 2566 2037 2600 simul
2073 2571 2172 2612 queat
