2299 2921
127 127 191 161 457
627 124 680 157 111.
725 123 957 157 REPETlTlO
980 123 1297 157 CONFESSIONIS
1320 123 1639 156 AUGUSTANAE.
2079 125 2143 157 458

129 228 220 254 creta
241 220 359 263 partim
382 219 551 262 palam²⁷)
575 218 660 251 falsa
682 221 800 260 partim
823 219 979 261 ambigua
1001 224 1033 251 et
1051 229 1105 250 so-
1158 225 1232 261 pto,
1262 218 1350 261 quod
1372 219 1487 251 dextre
1515 225 1547 250 et
1571 229 1638 250 non
1663 216 1868 250 calumniose
1892 217 2028 261 intelligi
2051 219 2144 251 volu-

127 265 279 307 phistica,
302 273 368 295 non
392 263 566 301 adsentiri,
589 264 649 294 sed
673 262 842 305 flagitare,
864 266 962 301 ut²⁸)
986 263 1026 293 de
1050 263 1106 304 ijs·
1129 239 1134 300 1
1158 272 1250 301 mus,
1283 263 1454 293 recitatam
1488 271 1567 293 esse
1601 261 1785 292 doctrinam
1820 272 2027 293 communem
2060 272 2145 304 quae

127 309 203 340 dem
225 308 325 338 rebus
350 311 383 338 et
399 303 575 338 'audiamur
597 311 629 337 et
652 315 785 337 errores
805 311 903 336 antea
922 305 1106 336 confirmati
1160 310 1258 336 sonat
1286 305 1319 336 in
1342 303 1508 346 Ecclesijs
1537 309 1571 336 et
1592 304 1802 345 Academijs,
1831 305 1864 335 in
1895 305 2015 346 quibus
2037 304 2143 337 Euan-

128 351 273 382 decretis
296 349 495 380 Tridentinis
519 348 743 380 emendentur.
793 348 893 386 29)Εῐ
916 354 1108 380 reuerenter
1161 347 1284 390 gelium
1307 348 1476 379 docemus.
1522 346 1564 378 Et
1587 348 1748 379 sentimus
1774 357 1854 379 vere
1875 346 1963 379 hanc
1987 357 2064 379 esse
2086 358 2144 388 pu-

127 403 261 424 oramus
284 392 537 423 Inuictissimum
561 391 639 432 Imp.
663 389 819 422 Car->lum
842 391 1041 433 Augustum,
1065 401 1107 422 ne
1160 401 1230 422 ram
1254 396 1286 422 et
1308 391 1536 431 incorruptam
1559 390 1742 422 doctrinam
1765 389 2001 425 Ecclesiae33)
2024 390 2145 422 domini

126 436 295 477 permittat
327 434 551 476 aduersarijs‚
597 440 631 465 vt
665 435 835 465 veritatem
871 444 932 465 sua
966 434 1107 465 audacia
1160 434 1266 465 nostri
1290 433 1364 464 lesu
1388 433 1512 464 Christi
1545 439 1784 475 congruentem
1812 443 1886 464 cum
1909 434 2044 474 scriptis
2068 444 2145 474 pro-

128 479 329 520 opprimant‚
369 483 400 509 et
430 475 673 514 crudelitatem,
707 487 793 518 quae
822 477 987 508 aduersus
1016 478 1107 508 inno·
1160 475 1298 517 pheticis
1322 482 1354 507 et
1373 474 1578 517 Apostolicis
1603 482 1634 507 et
1658 475 1833 518 symbolis,
1858 485 1898 506 ac
1922 477 2145 508 necessariam

128 527 244 553 centes
268 526 450 559 exercetur,
475 520 681 558 confirment,
704 526 735 550 et
754 520 878 551 maiora
901 519 1036 551 dissidia
1059 520 1106 550 in-
1160 518 1338 560 Ecclesijs,
1363 524 1395 550 et
1419 528 1552 550 oramus
1576 519 1742 550 dominum
1766 524 1914 549 nostrum
1934 518 2040 550 lesum
2054 518 2145 550 Chri-

127 565 224 596 iustis
258 563 400 595 decretis
430 563 649 600 excitent.²⁰)
699 562 976 594 Commendamus
998 568 1106 593 autem
1161 567 1247 593 stum
1276 561 1352 600 [fol.
1370 562 1467 599 121b]
1491 561 1685 593 crucifixum
1712 571 1773 602 pro
1797 561 1893 592 nobis
1917 566 1949 592 et
1968 562 2146 593 resuscita·

127 611 161 638 et
183 604 370 638 Ecclesiam
392 611 425 638 et
446 615 508 637 nos
532 606 625 646 ipsos
649 604 716 636 filio
741 606 809 643 dei,
835 606 966 636 domino
990 611 1107 636 nostro
1160 609 1245 642 tum,
1274 610 1308 635 vt
1335 603 1397 635 has
1421 602 1595 635 Ecclesias
1628 603 1806 635 clementer
1836 610 1930 645 regat
1953 607 2046 641 et³⁴)
2069 615 2145 645 pro-

126 649 205 681 Iesu
223 649 370 687 Christo,
392 658 488 690 quem
511 649 635 679 scimus
657 658 741 679 voce
751 647 923 690 Euangelij
949 646 1108 690 colligere
1161 652 1261 689 tegat.
1318 646 1495 678 offerimus
1529 647 1626 678 etiam
1660 657 1724 678 nos
1751 647 1794 677 ad
1829 645 2084 679 declarationem
2112 648 2145 678 in

127 693 190 724 sibi
223 698 390 723 aeternam
413 689 617 728 Ecclesiam,
652 696 684 722 et
707 701 780 722 eum
803 701 954 729 oramus,
987 697 1023 722 ut
1045 700 1108 722 nos
1161 688 1303 731 singulis
1327 689 1489 722 articulis.

127 741 240 776 regat,
268 744 333 766 nec
355 735 441 765 sinat
464 734 609 776 extingui
632 732 739 765 lucem
758 733 932 776 Euangelij
957 734 1023 771 sui,
1046 743 1109 765 nec

127 778 231 809 deleri
253 778 340 809 sinat
361 783 476 809 coetus
499 777 606 818 ipsum
628 787 707 808 vere
729 778 935 808 inuocantes.

476 818 550 851 Deo
575 821 690 861 gratia.
707 822 760 857 30)
1162 801 1318 839 Haec³⁵)
1342 803 1468 843 scripta
1491 808 1568 834 sunt
1590 802 1689 834 Anno
1716 802 1808 833 1551.
1839 802 1892 833 die
1910 802 2038 833 decima
2061 801 2146 844 luIij,

1161 844 1194 875 in
1225 845 1346 885 oppido
1368 844 1640 887 Witeberga,³⁶)
1677 846 1732 876 vbi
1766 845 1948 877 vicinarum
1977 844 2146 877 Ecclesia-

1369 898 1440 918 rum
1463 894 1615 927 pastores
1639 890 1939 925 conuenerant.³⁷)

1166 957 1218 993 ³3)
1241 954 1314 997 Ego
1338 955 1503 988 lohannes
1516 955 1744 998 Bugenhagen
1764 955 1980 994 PomeranuS,
2005 956 2146 995 Doctor,

1249 998 1370 1030 Pastor
1394 997 1570 1030 Ecclesiae
1589 998 1912 1041 Wittembergensis,
1936 1005 1968 1031 et
1988 999 2145 1041 Superin-

1249 1042 1452 1079 tendens-³⁹)
1475 1041 1511 1072 ln
1529 1040 1722 1073 Electoratu
1745 1043 1930 1080 Saxoniae,
1954 1043 2145 1084 Subscripsi

1248 1083 1313 1115 hac
1332 1094 1404 1115 mea
1428 1094 1536 1115 manu.
1549 1086 1601 1123 40)

1164 1126 1240 1166 [fol.
1267 1127 1356 1165 122³!
1388 1127 1553 1158 lohannes
1587 1125 1765 1169 pseffinger
1799 1128 1917 1159 doctor
1940 1127 2145 1169 Theologiae

1248 1175 1364 1210 pastor
1384 1168 1557 1201 Ecclesiae
1580 1170 1703 1201 Christi
1733 1171 1764 1201 in
1788 1171 1871 1202 urbe
1893 1170 2005 1211 Lipsia
2029 1176 2061 1202 et
2084 1171 2145 1203 Su-

1248 1212 1484 1253 perintendens
1508 1213 1609 1244 Manu
1632 1214 1765 1254 propria
1788 1214 2062 1254 subscripsitfl)

1161 1254 1321 1287 Erasmus
1335 1256 1510 1287 Sarcerius
1533 1261 1650 1296 pastor
1672 1255 1837 1288 ecclesiae
1860 1255 2032 1297 Lipsensis
2056 1257 2146 1298 apud

1248 1297 1290 1329 D.
1315 1297 1485 1337 Thomam,
1507 1309 1605 1330 manu
1627 1309 1699 1330 mea
1718 1300 1913 1340 subscripsi.
1928 1301 1979 1337 4“·’)

1162 1339 1396 1383 Vuolfgangus
1411 1340 1609 1373 Psentnerus
1618 1341 1748 1373 Doctor
1760 1341 1879 1373 Pastor
1893 1341 2066 1374 Ecclesiae
2078 1342 2146 1374 An-

1249 1386 1548 1422 nomontanae,⁴⁸)
1586 1385 1720 1426 propria
1754 1395 1852 1417 manu
1879 1385 2146 1427 subscripsit⁴⁴)

1162 1425 1293 1468 Caspar
1316 1426 1506 1464 Zeunerus‚
1530 1433 1645 1467 pastor
1667 1427 1866 1470 Fribeigae,
1891 1438 1988 1460 manu
2011 1429 2146 1470 propria

1249 1469 1449 1510 subscripsit
1461 1471 1513 1508 ⁴⁵)

496 967 739 1013 [Appendix.

213 1067 385 1110 Rogamus
413 1072 523 1098 autem
551 1076 683 1103 omneS‚
718 1066 772 1108 qui
795 1067 827 1097 in
850 1067 969 1098 uicinis
992 1065 1108 1098 Eccle-

127 1111 189 1153 sijs
204 1111 336 1148 docent,
360 1116 416 1141 aut
431 1109 509 1141 alibi
529 1111 582 1151 qui
596 1109 841 1150 amplectuntur
854 1109 1108 1141 Confessionem

125 1154 301 1196 Augustae
326 1154 506 1184 exhibitam
530 1157 627 1183 Anno
652 1152 747 1183 1530:
774 1152 818 1182 Vt
839 1152 924 1183 haec
947 1151 1109 1193 legentes,

125 1197 155 1228 si
184 1197 261 1238 quid
292 1195 414 1227 alicubi
438 1196 643 1233 desiderant,
671 1201 819 1226 amanter
846 1205 909 1226 nos
938 1202 1106 1226 moneant.
1131 1191 1136 1207 ¹

125 1240 203 1282 quia
236 1249 303 1270 non
325 1238 491 1271 uoluimus
522 1237 612 1269 aliud
636 1248 740 1279 genus
763 1238 934 1269 doctrinae
958 1239 1108 1280 gignere,

125 1283 187 1314 sed
217 1281 412 1323 simpliciter
443 1281 586 1313 recitare
615 1280 703 1312 illius
735 1279 967 1312 Confessionis
997 1282 1109 1323 Augu-

125 1331 242 1356 stanae
265 1325 461 1356 sententiam
485 1331 517 1355 et
540 1333 745 1354 communem
770 1333 970 1355 consensum
993 1323 1110 1355 harum

125 1367 371 1404 Ecclesiamm,
402 1372 433 1398 et
457 1367 598 1407 petimus
632 1372 667 1396 ut
702 1366 842 1397 candide
866 1372 897 1397 et
931 1376 998 1397 non
1022 1365 1110 1398 calu-

126 1410 255 1441 mniose
283 1410 455 1442 iudicetur.
502 1409 577 1440 Non
600 1407 765 1440 noluimus
788 1419 875 1440 noua
898 1409 1036 1440 dissidia
1058 1418 1110 1440 se-

126 1462 218 1490 rere,
242 1452 303 1483 sed
325 1453 465 1483 maxime
488 1462 621 1482 oramus
645 1450 763 1482 Filium
787 1452 838 1483 dei
863 1453 1028 1483 dominum
1051 1462 1109 1482 no-

125 1499 230 1525 strum
264 1495 371 1524 lesum
401 1494 584 1531 Christum,
619 1493 812 1526 crucifixum
841 1505 902 1536 pro
929 1496 1045 1533 nobis,
1078 1501 1110 1526 et

125 1536 376 1573 resuscitatum,
409 1537 463 1577 qui
498 1542 653 1577 precatus
682 1543 733 1567 est
764 1538 797 1568 in
826 1548 936 1579 agone
960 1548 1042 1576 suo,
1075 1544 1110 1569 ut

125 1588 225 1610 unum
253 1579 355 1609 simus
384 1578 416 1609 in
441 1577 536 1617 Deo,
564 1584 600 1610 ut
627 1577 746 1617 faciat,
774 1586 809 1611 ut
838 1590 901 1611 nos
922 1590 1055 1621 quoque
1077 1581 1111 1611 in

126 1620 272 1663 plurimis
296 1620 460 1664 Ecclesijs
483 1632 583 1693 mirum
606 1622 711 1652 simus
735 1623 766 1652 in
790 1623 874 1664 ipso.

544 1664 650 1702 inis]
667 1665 719 1701 31)

1162 1589 1208 1621 33)
1227 1588 1371 1623 Ecclesiae]
1390 1591 1416 1614 in
1434 1590 1515 1615 Editt.
1539 1591 1612 1615 1—15.
1632 1590 1708 1615 deest.

1161 1632 1209 1663 34)
1228 1632 1265 1663 et]
1286 1633 1365 1657 Editt.
1390 1634 1479 1657 1-3.:
1499 1641 1529 1657 ac

1162 1675 1209 1703 35)
1228 1675 1312 1706 Haec]
1331 1676 1384 1699 scil.
1405 1677 1580 1706 praemonitio
1600 1680 1626 1700 et
1651 1683 1722 1708 seqq.
1748 1678 1856 1700 nomina
1880 1678 1956 1710 (conf.
1982 1686 2044 1711 quae
2067 1686 2145 1713 supra

1228 1717 1255 1741 p.
1275 1709 1325 1733 339
1345 1717 1378 1741 aq.
1399 1710 1429 1733 de
1446 1710 1538 1741 synodo
1562 1711 1773 1742 Winemberyensi
1792 1711 1922 1743 diximus).

1162 1752 1209 1783 36)
1230 1751 1392 1784 Witeberga]
1413 1751 1491 1776 Editt.
1515 1754 1603 1777 1—3.:
1622 1754 1806 1784 Vitaebergae,

1162 1795 1209 1825 37)
1229 1795 1416 1827 conuenerant]
1437 1796 1519 1819 Editt.
1541 1797 1629 1820 1—3.:
1650 1802 1836 1821 conuenerunt.

1161 1837 1207 1869 38)
1226 1837 1360 1869 Sequentia
1378 1839 1483 1862 nomina
1502 1846 1600 1869 eorum,
1621 1840 1663 1870 qui
1684 1839 1743 1863 huic
1755 1839 1918 1864 Consessioni
1932 1841 2144 1872 subscripserunt,

1230 1873 1256 1895 in
1274 1871 1374 1895 Codice
1392 1872 1521 1903 Lipsieusi
1540 1873 1652 1897 manibus
1666 1875 1778 1906 propriis
1798 1879 1904 1899 ezarata
1923 1879 1987 1898 suut.

1160 1914 1207 1945 39)
1226 1914 1459 1946 Superintendens]
1480 1917 1534 1946 ipse
1553 1917 1667 1948 scripsit:
1687 1916 1882 1947 Suplntendens

1160 1958 1208 1988 40)
1227 1957 1284 1988 Ego
1303 1971 1336 1976 —
1355 1957 1454 1989 manu]
1480 1958 1563 1982 Editt.
1590 1959 1680 1983 1—3.:
1706 1960 1820 1983 Ioannes
1843 1960 2028 1991 Bugenhagius
2052 1960 2144 1985 Pome-

1229 1999 1319 2021 ranus,
1342 1996 1431 2023 pastor
1450 1993 1581 2017 Ecclesiae
1603 1994 1822 2024 Vitaebergensis,
1841 1999 1866 2019 et
1884 1996 2098 2025 superintendens
2116 1997 2143 2019 in

1230 2027 1381 2050 Electoratu
1400 2027 1543 2051 Saxoniae.
1562 2042 1593 2046 —
1614 2028 1673 2051 Alia
1692 2037 1776 2052 manns
1795 2028 1851 2053 huic
1874 2030 1964 2053 nomini
1989 2033 2011 2054 et
2035 2030 2144 2054 omnibus

1229 2061 1385 2092 sequentibus
1403 2062 1429 2084 ιἰι
1448 2062 1559 2092 maryt'ne
1577 2062 1724 2094 adscripsit:
1744 2064 1817 2095 obijt.

1158 2103 1205 2132 41)
1225 2103 1385 2135 subscripsit]
1411 2103 1458 2127 Ed.
1480 2103 1517 2127 6.:
1543 2105 1690 2136 subscripsi.
1718 2119 1749 2123 —
1777 2105 1805 2129 In
1829 2106 1909 2130 Editt.
1932 2106 2006 2131 1—3.
2029 2115 2076 2138 pro
2100 2107 2142 2130 Io-

1226 2138 1324 2161 hannes
1344 2138 1481 2168 pfesfinger
1498 2152 1530 2156 -—
1546 2139 1707 2170 subscripsit.
1730 2140 1843 2171 leyzmtm·
1860 2140 1960 2164 haecce:
1980 2141 2013 2164 D.
2032 2141 2143 2165 Ioannes

1225 2171 1414 2202 Psesfingerus,
1443 2173 1577 2197 Ecclesiae
1602 2174 1736 2205 Lipsensis
1761 2179 1850 2205 pastor
1871 2178 1896 2198 et
1918 2175 2142 2205 superintendens.

1155 2216 1203 2245 42)
1222 2218 1311 2246 pastor
1329 2215 1455 2239 ecclesiae
1466 2229 1497 2234 —-
1511 2216 1673 2249 subscripsi.]
1693 2217 1775 2241 Editt.
1790 2217 1879 2241 1—3.:
1899 2222 1987 2248 pastor
2001 2218 2142 2248 Lipsensis,

1154 2258 1202 2289 43)
1221 2257 1452 2290 Annomontanae]
1479 2259 1514 2282 sic
1539 2259 1594 2290 ipse
1619 2260 1731 2291 scripsim
1762 2267 1829 2282 omn.
1855 2259 1949 2283 Editt.:
1975 2261 2140 2284 Aunaemon-

1224 2296 1301 2315 tanae

213 1775 288 1814 [fol.
314 1775 404 1815 121⁵]
438 1777 503 1813 32)Υ
519 1774 590 1806 Nos
620 1785 760 1816 quorum
788 1776 919 1806 nomina
943 1777 1111 1817 adscripta

123 1823 221 1856 sunt,
245 1818 302 1859 qui
324 1828 413 1849 nunc
435 1818 467 1849 in
489 1816 653 1859 Ecclesijs
678 1823 709 1848 et
732 1818 941 1859 AcademiJs,
971 1829 1110 1861 quarum

124 1860 210 1893 infra
234 1860 270 1892 fit
291 1861 425 1899 mentio,
448 1861 625 1898 docemus,
648 1860 860 1892 adfirmamus
884 1863 916 1893 in
939 1861 1004 1894 hoc
1028 1864 1109 1893 scri-

123 2023 169 2055 27)
189 2023 287 2055 palam]
307 2024 333 2047 in
352 2023 433 2046 Editt.
456 2023 531 2047 1-3.
551 2024 574 2047 8.
596 2023 669 2048 deest.

123 2067 170 2097 28)
189 2066 228 2098 ut]
247 2065 310 2090 lianc
327 2074 409 2090 vocem
428 2065 490 2089 Mel.
511 2073 588 2098 supra
610 2066 697 2090 lineam
717 2066 824 2091 addidit.

122 2109 169 2141 29)
188 2109 223 2132 Et
241 2113 391 2132 renel-enter
410 2122 443 2126 —
463 2122 494 2125 —
515 2108 649 2140 excitent]
669 2108 728 2133 haec
747 2109 808 2133 Mel.
833 2110 859 2133 in
877 2112 987 2142 marqine
1007 2111 1107 2135 laterali

192 2146 214 2167 et
231 2143 352 2172 inferiore
370 2149 423 2166 cnm
442 2142 537 2166 duabus
557 2144 641 2166 liturix
661 2143 767 2174 addidit.

120 2186 168 2217 30)
187 2186 245 2209 Deo
270 2184 375 2216 gratia]
405 2185 444 2209 liis
473 2185 554 2210 verbis
584 2186 721 2210 Confessio
747 2186 803 2216 ipsa
832 2186 917 2214 finitur
940 2188 966 2211 in
991 2188 1056 2212 Cod.
1081 2192 1104 2212 et

189 2220 271 2278 ἓξὲξ.
292 2222 316 2244 4.
337 2220 378 2248 6.;
398 2220 479 2244 Editt.
500 2221 576 2244 1-3.
595 2221 618 2244 5.
640 2221 663 2244 7.
685 2221 708 2243 8.
730 2228 812 2245 eorum
831 2221 882 2245 Ioco
901 2221 989 2246 habene
1008 2230 1102 2246 vocem:

120 2297 168 2329 31)
186 2295 258 2320 Haec
275 2296 453 2328 Appendix
477 2300 570 2320 tantum
588 2298 614 2320 in
632 2297 715 2322 Editt.
736 2299 760 2321 4.
780 2297 805 2322 6.
825 2297 966 2328 exhibetur,
991 2299 1016 2322 in
1035 2299 1101 2323 Cod.

189 2338 246 2355 tero
264 2333 400 2362 ceterisque
421 2331 503 2355 Editt.
529 2339 575 2355 non
597 2332 736 2361 invenitur,
763 2340 860 2364 eamque
878 2332 907 2357 ob
926 2341 1025 2357 causam
1042 2333 1065 2357 Ιι.
1087 2334 1102 2357 l.

189 2365 284 2389 uncinis
303 2373 318 2388 a
337 2373 374 2389 mc
390 2366 486 2389 inclusa
504 2369 547 2390 est.

120 2407 168 2439 32)
188 2406 257 2432 Haec
280 2408 453 2439 praemonitio
483 2407 516 2432 ab
545 2409 599 2440 ipso
624 2408 798 2433 Melanthone
826 2410 852 2433 {n
876 2409 972 2434 Codice
996 2414 1104 2435 exarata

190 2449 243 2465 cum
262 2441 416 2473 sequentibus
433 2443 582 2466 nominibus
603 2451 700 2473 eorum,
720 2445 763 2474 qui
782 2444 841 2468 huie
861 2445 1026 2468 Consessioni
1046 2446 1104 2468 snb-

188 2476 356 2507 seripserunt,
376 2476 442 2506 (fol.
464 2477 526 2500 121⁵
545 2477 654 2506 ordiens,
672 2485 726 2501 narn
738 2478 789 2509 sol.
812 2479 873 2502 118b
894 2483 915 2503 et
932 2480 1032 2511 inteyra
1043 2480 1104 2511 foll.

190 2509 248 2533 119.
270 2510 327 2534 120.
347 2510 451 2542 vacant)
472 2511 498 2534 in
514 2510 594 2536 Editt.
617 2512 691 2536 1—3.
717 2513 742 2535 t'n
763 2513 888 2546 principio
908 2517 970 2538 ante
994 2513 1103 2537 Confes-

188 2544 298 2607 Jiionemh
308 2545 406 2602 ibpsam,
424 2545 450 2568 in
470 2546 562 2570 ceteris
582 2549 662 2570 autem
680 2546 761 2570 Editt.
783 2546 874 2571 Codici
899 2552 1061 2579 congruenter
1078 2549 1104 2571 in

205 2585 234 2603 ne
253 2586 282 2602 ex
299 2578 309 2602 i
326 2582 389 2602 etur.

1156 2334 1203 2366 44)
1223 2335 1329 2366 propria
1353 2343 1430 2359 manu
1454 2335 1616 2368 supscripsit]
1645 2336 1682 2360 sic
1708 2337 1764 2367 ipse
1794 2336 1908 2368 scripsi&
1940 2337 2022 2361 Editt.
2047 2338 2139 2361 4—7.;

1225 2376 1258 2392 m.
1277 2377 1302 2400 p.
1324 2377 1344 2393 s,
1370 2369 1475 2400 (Iisdem
1499 2370 1570 2401 siqlis
1600 2371 1674 2394 etiam
1697 2372 1722 2394 in
1747 2370 1900 2403 sequentibus
1923 2370 2141 2404 subscriptionibus

1224 2402 1270 2427 luae
1287 2403 1369 2427 Editt.
1391 2405 1466 2427 4—7.
1486 2405 1612 2436 utuntur.)
1631 2404 1679 2430 Ed.
1696 2406 1720 2429 8.
1740 2404 1784 2428 ltus
1801 2413 1871 2429 voces
1889 2406 1985 2429 omittit.
2005 2419 2035 2424 -
2056 2406 2138 2430 Editt.

1226 2438 1300 2461 1—3.
1320 2437 1364 2461 huc
1382 2446 1465 2462 nomen
1484 2439 1520 2462 sic
1539 2437 1665 2462 exhibent:
1684 2439 1717 2463 D.
1740 2439 1899 2470 Volfgangus
1920 2440 2065 2470 Psenterus‚
2084 2440 2138 2463 An-

1225 2476 1414 2496 naeinontanae
1433 2473 1566 2496 Ecclesiae
1586 2477 1683 2503 pastor,
1703 2477 1728 2496 et
1747 2474 1969 2504 superintendens,

1155 2514 1204 2545 45)
1224 2514 1320 2545 Caspar
1338 2514 1470 2538 Zeunerus
1490 2529 1522 2533 -—
1541 2514 1702 2548 subscripsit]
1728 2516 1810 2539 Editt.
1837 2517 1927 2540 1-3,;
1952 2515 2053 2547 Gaspnr
2075 2515 2139 2539 Zeu-

1224 2555 1308 2578 nerus,
1329 2548 1509 2579 Friburgensis
1525 2549 1660 2573 Ecclesiae
1679 2554 1775 2580 pastor,
1793 2554 1818 2573 et
1837 2551 2062 2581 superintendens.
2088 2551 2137 2574 Ed.

1224 2583 1264 2606 8.:
1284 2582 1381 2613 Caspai·
1400 2583 1541 2613 Zeunerus,
1560 2587 1648 2613 pastor
1665 2583 1815 2615 Fribergae.
