2299 2921
169 142 231 173 427

168 242 199 267 et
233 236 304 266 sine
347 233 420 265 vllis
454 233 650 275 labyrinthis
686 233 857 273 sepissime
891 233 1027 272 repetita
1065 231 1142 272 [fol.

135 302 146 306 -
169 279 251 319 77b]
284 285 350 315 est,
383 285 416 308 vt
449 277 614 318 Baptista,
645 276 798 307 Christus
816 277 866 312 3²¹)
906 274 1143 315 inquiunt‚3⁹)

168 322 267 364 Agite
292 321 523 362 poenitentiam
547 326 579 350 et
603 319 725 350 credite
743 316 1030 360 Euangeli0,1tem
1045 317 1144 359 Agite

169 364 413 406 poenitentiam,
428 362 516 394 Ecce
529 363 646 403 Agnus
667 361 729 399 dei,
749 361 801 402 qui
822 360 907 392 tollit
925 367 1074 401 peccata.
1090 362 1143 397 ⁴⁰)

171 407 211 438 Et
240 406 360 438 Paulus
393 405 486 436 Rom.
518 405 547 435 3.
578 405 701 435 Omnes
731 405 909 436 carent41)
944 401 1051 444 gloria
1080 402 1142 434 dei.
1169 398 1171 413 s

170 450 230 481 Hic
255 450 295 480 de
318 448 513 479 contritione
544 447 776 483 concionatur,
805 452 920 487 postea
948 447 989 476 de
1017 445 1144 476 Remis-

169 493 280 529 sione,
312 490 526 522 iustificamur
557 496 663 521 autem
689 490 792 531 gratis
822 489 924 529 ipsius
956 490 1061 530 gratia
1085 498 1145 529 per

169 535 424 576 redemptionem
450 534 480 564 in
505 532 638 564 Christo
664 543 722 573 per
746 532 842 562 fidem
867 537 927 562 etc.
945 534 997 564 ⁴²)

254 603 403 634 Necesse
426 608 478 632 est
501 602 598 643 igitur
621 602 652 631 in
677 601 826 632 doctrina
856 600 897 631 de
926 599 1146 631 conuersione
1170 598 1173 627 ¹.

169 657 226 678 seu
255 645 455 688 poenitentia
490 644 560 675 fieri
594 645 791 675 mentionem
825 642 910 674 fidei.
958 642 1028 673 Nec
1062 642 1144 673 satis

169 697 230 728 est,
257 689 344 731 quod
369 689 481 719 dicunt
509 687 692 727 aduersarij
723 696 760 717 se
781 696 913 728 quoque
944 686 985 717 de
1013 684 1078 716 fide
1101 684 1145 715 lo-

169 734 222 774 qui
247 739 279 764 et
302 732 388 762 hanc
412 730 536 762 anteire
559 730 802 772 poenitentiam.
845 728 1039 770 Loqunntur
1061 728 1145 759 enim

169 777 209 807 de
239 774 313 815 [fol.
341 774 421 812 78³]
448 774 569 805 noticia
599 773 777 804 doctrinae.
830 771 940 803 Credo
969 771 1146 802 Remissio-

169 829 242 850 nem
267 824 496 859 peccatorum,
525 816 651 848 scilicet
682 815 756 856 alijs
788 816 869 846 dari.
887 817 938 848 ⁴³)
984 815 1146 850 Sicut⁴⁴)

169 868 200 892 et
225 859 345 892 diaboli
369 865 489 891 norunt
520 858 715 901 symbolum.
733 859 785 893 ⁴⁵)
831 858 897 888 Sed
929 857 1146 899 Euangelium
1171 850 1174 890 ,³

169 902 316 946 postulat
338 903 424 934 hanc
442 912 554 933 veram
578 901 692 939 fidem,
721 911 805 943 quae
833 907 883 931 est
906 900 1025 932 fiducia
1050 902 1146 931 mise·

170 947 332 978 ricordiae
356 951 492 987 propter
513 943 613 976 filium
638 946 688 976 dei
720 945 921 985 promissae,
952 950 984 975 et
1013 943 1146 985 acquie-

169 1000 269 1021 scens
293 990 324 1020 in
347 988 415 1020 filio
441 988 510 1026 dei,
540 998 624 1030 quae
648 988 761 1029 inquit,
786 986 893 1018 Credo
917 986 1146 1018 remissionem
1172 1011 1174 1017 Α

169 1038 383 1075 peccatorum
417 1031 494 1063 mihi
528 1041 660 1073 quoque
695 1031 780 1067 dari,
813 1035 844 1061 et
879 1030 1009 1071 quidem
1044 1029 1147 1071 gratis

169 1086 235 1108 non
257 1081 392 1118 propter
415 1084 521 1105 meam
545 1074 791 1111 contritionem,
822 1083 887 1103 non
917 1079 1052 1114 propter
1080 1070 1148 1103 vlla

170 1130 244 1151 mea
267 1119 398 1155 merita,
430 1117 490 1149 sed
518 1124 652 1158 propter
681 1115 782 1147 filium
811 1116 882 1154 dei,
912 1116 964 1157 qui
988 1116 1148 1146 immensa

170 1163 316 1194 bonitate
340 1167 372 1193 et
394 1161 554 1201 sapientia
578 1160 765 1199 diuinitatis,
788 1159 985 1190 constitutus
1009 1164 1061 1189 est
1084 1167 1149 1189 me·

171 1206 277 1236 diator
300 1210 330 1235 et
355 1204 565 1245 propiciator.
604 1203 681 1234 Scio
706 1202 892 1233 mandatum
916 1202 968 1233 dei
991 1211 1066 1232 esse
1092 1203 1148 1232 im-

173 1246 346 1284 mutabile,
374 1253 409 1277 vt
437 1245 558 1288 singuli
587 1247 619 1277 in
655 1245 705 1276 bis
740 1243 910 1276 doloribus
939 1249 1084 1275 statuant
1113 1253 1150 1275 se

173 1297 263 1322 certo
296 1296 432 1331 propter
460 1299 533 1320 eum
562 1289 672 1330 recipi.
726 1288 817 1319 Haec
846 1293 896 1318 est
923 1287 1056 1328 propria
1084 1297 1150 1317 vox

173 1332 364 1376 Euangelij,
398 1331 470 1363 Hoc
505 1333 672 1363 decretum
706 1341 747 1361 ex
780 1330 854 1361 sinu
889 1331 1013 1361 aeterni
1046 1329 1150 1370 patris

173 1375 334 1418 prolatum
369 1381 419 1406 est
447 1385 507 1416 per
537 1373 654 1411 filium,
689 1380 720 1405 et
749 1373 911 1415 sanguine
941 1379 972 1404 et
1001 1382 1149 1404 resurre-
1175 1391 1178 1407 z

619 138 728 170 t’fflL.
754 137 854 170 ΗΕΒ.
879 136 1064 169 stfflPTA
1091 136 1354 168 DOGMATlCA
1378 136 1433 169 ET
1457 137 1727 170 sx'idssomeA.

2110 139 2174 172 428

1195 237 1311 261 sancto
1337 237 1367 261 et
1391 231 1624 263 reconciliatus
1652 233 1715 264 iam
1745 238 1836 263 certo
1865 238 2033 273 reputatur
2064 233 2172 265 iustus

1195 279 1330 314 propter
1348 274 1578 312 mediatorem,
1602 282 1634 306 et
1658 282 1709 306 est
1732 275 1830 306 heres
1858 277 1941 306 vitae
1965 283 2127 307 aeternae.

1282 323 1375 356 Hanc
1410 327 1632 357 neeessariam
1663 325 1925 357 consolationem
1960 328 1991 357 in
2021 327 2173 359 doctrina

1196 368 1237 398 de
1269 368 1488 399 Conuersione
1522 368 1575 400 vel
1603 369 1753 400 omittere
1785 367 1839 400 vel
1873 379 2084 409 eorrumpere
2118 369 2173 402 vel

1169 417 1171 442 ἰ
1196 411 1382 450 improbare
1404 417 1455 442 est
1478 410 1650 443 manifeste
1673 411 1785 443 delere
1808 411 2035 454 Euangelium.

1284 460 1335 492 De
1358 461 1421 492 hac
1444 462 1508 493 fide
1531 469 1562 494 et
1586 464 1871 494 commonefacere
1894 473 1957 494 nos
1988 465 2063 504 [fol.
2088 464 2171 503 79³]

1197 504 1373 536 Absolutio
1397 506 1494 536 debet
1518 512 1550 536 et
1583 516 1654 537 eam
1686 506 1901 540 confirmare,
1932 507 2024 537 Sicut
2054 507 2174 538 contir-

1170 564 1172 593 3
1197 548 1346 578 mabatur
1359 548 1467 579 Dauid
1480 549 1589 580 audita
1609 548 1829 586 absolutione,
1848 551 1898 584 ⁵¹)
1922 548 2084 581 Dominus
2096 552 2174 581 abs-

1197 589 1270 621 tulit
1299 596 1470 630 peccatum
1498 597 1597 622 tuunn.
1652 591 1698 623 lta
1725 601 1761 623 tu
1795 592 1885 622 scias
1919 602 2035 623 vocem
2067 591 2174 624 Euan-

1169 634 1173 666 !
1197 632 1273 674 gelij
1300 633 1355 663 tibi
1377 644 1507 675 quoque
1531 636 1731 666 annunciare
1755 635 1995 671 remissionem,
2010 637 2064 671 52)
2088 645 2174 677 quae

1169 667 1173 712 Ι,
1197 678 1229 707 in
1253 675 1464 707 absolutione
1485 677 1541 708 tibi
1566 678 1754 708 nominatim
1777 678 1990 718 proponitur,
2019 678 2092 709 Non
2115 678 2176 709 fin-

1171 723 1173 735 ’“
1198 728 1259 761 gas
1289 718 1368 750 nihil
1395 719 1437 750 ad
1467 725 1499 751 te
1529 721 1690 761 pertinere
1721 720 1954 762 Euangelium,
1991 721 2049 751 sed
2085 721 2174 753 scias

1170 759 1173 783 ἕ
1197 762 1270 792 ideo
1295 763 1415 793 editum
1438 772 1526 799 esse,
1551 769 1584 793 vt
1607 763 1671 794 hoc
1696 764 1797 795 modo
1820 762 1989 795 saluentur
2012 764 2175 805 homines,

1171 804 1261 849 {fide
1295 804 1533 846 amplectentes
1569 805 1799 847 Euangehum,
1834 812 1865 836 et
1900 807 2086 838 mandatum
2121 807 2173 838 «lei

1199 854 1368 879 aeternum
1394 855 1425 878 et
1449 849 1614 879 immotum
1637 858 1728 887 esse,
1749 855 1783 879 vt
1806 850 1833 879 ei
1859 849 1986 880 credas.
2023 849 2085 884 Qui
2108 859 2176 881 non

1170 896 1174 909 “
1199 890 1261 921 hac
1286 891 1349 921 tide
1372 890 1579 932 amplectitur
1599 890 1826 933 Euangelium,
1848 892 1908 922 sed
1932 898 2037 923 manet
2062 894 2094 923 in
2119 893 2176 923 du-

1171 935 1174 955 *
1201 934 1374 971 bitatione,
1397 932 1520 965 frustra
1544 934 1632 964 audit
1655 933 1910 966 absolutionem.

1171 968 1174 1002 ἶ
1286 984 1368 1016 Cum
1397 985 1460 1016 hac
1496 984 1722 1017 consolatione
1757 985 1859 1017 corda
1890 985 2116 1024 viuificantur,
2147 991 2180 1018 et

1171 1020 1176 1080 1
1200 1033 1277 1059 sunt
1301 1028 1363 1059 iam
1387 1028 1584 1060 domicilium
1607 1029 1675 1065 dei,
1706 1034 1795 1060 certe
1818 1034 1849 1060 et
1872 1038 1992 1060 nouam
2023 1029 2178 1060 obedien-

1172 1071 1277 1102 =tiam
1310 1070 1459 1102 inchoari
1491 1081 1631 1103 necesse
1663 1077 1729 1109 est,
1763 1078 1798 1102 vt
1833 1081 1932 1113 supra
1964 1072 2086 1103 dictum
2114 1077 2178 1110 est,

1172 1105 1307 1155 1a053)
1342 1115 1448 1145 redire
1481 1115 1522 1145 ad
1558 1114 1688 1145 scelera
1719 1114 1795 1154 [fol.
1825 1115 1907 1153 79¹³]
1944 1120 1994 1146 est
2023 1121 2185 1147 excutere*

1173 1156 1295 1200 {deum
1330 1163 1361 1188 et
1397 1168 1513 1189 rursus
1529 1160 1581 1194 ἐ’4)
1621 1159 1768 1188 amittere
1803 1158 1964 1190 iusticiam
2001 1164 2033 1189 et
2066 1158 2177 1190 viram.

1201 1200 1294 1230 Sicut
1319 1201 1482 1231 lohannes
1515 1201 1634 1242 inquit,
1652 1202 1703 1238 ⁵⁵)
1730 1200 1793 1235 Qui
1823 1198 1902 1231 facit
1930 1201 2102 1239 iustitiam,
2133 1201 2180 1232 iu-

1202 1248 1274 1272 stus
1300 1249 1358 1274 est.
1405 1243 1467 1278 Qui
1491 1242 1568 1274 facit
1592 1248 1780 1284 peccatum,
1806 1253 1845 1273 ex
1870 1242 2000 1275 diabolo
2024 1249 2087 1274 est.

1175 1302 1177 1348 Ι
1289 1294 1513 1326 Recitauimus
1546 1301 1654 1326 autem
1687 1305 1787 1335 supra
1821 1303 1980 1325 summam
2009 1295 2181 1326 doen-inae

1175 1359 1178 1386 Ι
1203 1338 1243 1368 de
1266 1337 1362 1368 Noua
1386 1338 1584 1369 obedientia.

173 1420 282 1451 ctione
305 1419 376 1450 eius
400 1418 608 1459 obsignatum
632 1423 694 1449 est.
719 1416 796 1457 [fol.
821 1416 903 1455 782³]
932 1417 1016 1447 Huic
1037 1414 1150 1447 volun·
1175 1416 1178 1449 ἶ

174 1463 232 1494 tati
255 1468 287 1494 et
306 1462 441 1493 decreto
461 1459 550 1492 nolle
569 1460 731 1492 adsentiri
749 1466 801 1491 est:
819 1465 1031 1490 contemnere
1049 1458 1151 1490 filiurn

175 1506 243 1543 dei,
277 1504 318 1536 Et
347 1505 387 1536 de
410 1503 475 1536 hoc
498 1510 639 1544 peccato
669 1504 772 1545 inquit
801 1501 1052 1540 lohannes,⁴⁶)
1088 1501 1152 1537 Qut
1178 1508 1179 1511 ’

175 1560 242 1580 non
268 1548 370 1580 credit
395 1546 475 1585 filio,
499 1547 642 1578 manebit
665 1547 713 1577 ira
733 1546 784 1578 dei
805 1555 906 1586 super
925 1555 997 1577 eum
1018 1552 1081 1575 etc.
1097 1546 1151 1583 47)

177 1592 245 1624 Sed
274 1592 328 1633 qui
357 1591 461 1621 credit
489 1590 552 1621 sibi
582 1590 699 1621 remitti
727 1595 866 1632 peccata
897 1594 1030 1630 propter
1064 1588 1153 1619 hunc

176 1634 400 1672 mediatorem,
424 1633 489 1665 iam
513 1638 603 1665 certo
613 1633 735 1675 accipit
750 1634 803 1672 ⁴8)
826 1632 1055 1663 remissionem
1077 1641 1153 1673 pec-

177 1684 324 1710 catorum
346 1682 481 1719 propter
504 1677 682 1716 Christum,
706 1677 760 1718 qui
784 1677 882 1713 et⁴⁹)
906 1674 1025 1707 efficax
1050 1680 1099 1706 est
1121 1675 1156 1706 in

178 1732 235 1760 eo,
269 1721 412 1752 viuificat
429 1722 480 1757 ⁵⁰)
516 1725 548 1752 et
587 1719 776 1761 sanctificat
814 1729 888 1750 eum
928 1719 1053 1760 Spiritu
1093 1727 1155 1750 suo

180 1885 224 1915 38)
245 1884 291 1913 Β.,
312 1882 438 1916 Christus]
459 1885 494 1907 sic
513 1884 592 1911 Cod.;
611 1892 679 1907 omn.
700 1884 797 1907 Editm
816 1882 846 1906 B.
866 1887 891 1905 et.
910 1882 1024 1905 Christus

180 1928 225 1957 39)
246 1926 377 1958 inquiunt]
398 1927 445 1950 Ed.
458 1927 483 1949 4.
502 1927 527 1949 in
547 1934 635 1957 mmq„
654 1926 704 1949 Ed.
716 1925 739 1949 6.
761 1927 785 1949 in
804 1929 872 1949 textu
891 1924 998 1949 addunt:
1019 1924 1111 1948 Matth.
1123 1924 1156 1952 3.,

249 1962 305 1985 {tem
324 1961 405 1985 Editt.
425 1961 450 1985 5.
471 1961 510 1985 7.:
530 1960 623 1985 Matth.
644 1961 668 1985 8.

181 2005 228 2036 40)
248 2003 374 2036 peccata]
400 2004 436 2027 sic
462 2004 541 2032 Cod.;
567 2011 636 2027 omn.
654 2003 747 2027 Edita:
773 2006 878 2034 peccata
901 2002 1003 2031 mundi,
1026 2005 1159 2033 praeterea

250 2039 298 2062 Ed.
317 2040 341 2062 4.
361 2039 387 2062 in
405 2046 498 2070 mar9.,
518 2038 599 2062 Editt.
620 2038 695 2062 5-7.
716 2038 741 2061 in
760 2041 827 2062 textu
841 2041 896 2069 post
916 2044 997 2060 vocem
1015 2035 1158 2060 mundiad-

251 2073 322 2096 dunt:
341 2072 453 2097 Iohann.
476 2074 496 2096 1.

183 2117 228 2147 41)
250 2115 349 2147 carent]
376 2115 459 2140 scriba
482 2117 627 2147 compserat:
656 2120 748 2146 egent,
772 2114 814 2139 hoc
838 2114 899 2138 Met.
925 2113 1014 2138 delevit
1039 2117 1060 2138 et
1085 2122 1161 2146 supra

252 2151 361 2182 scripsit:
383 2154 472 2174 carent

185 2194 230 2222 42)
251 2192 310 2224 etc]
330 2193 366 2216 sic
385 2193 466 2221 Cod.;
486 2194 511 2216 in
531 2200 599 2218 omn.
620 2192 700 2216 Editt.
721 2192 794 2216 Amr.

185 2237 231 2267 43)
250 2236 348 2260 scilicet
372 2237 428 2268 aliJ‘s
454 2236 529 2268 dam]
556 2235 615 2261 haec
639 2235 700 2259 Mel.
726 2236 750 2259 in
781 2243 860 2266 mary.
887 2234 998 2262 addid-'n
1030 2235 1054 2257 in
1082 2234 1161 2257 Editt.
1185 2217 1187 2224 l

256 2272 329 2294 1—3.
351 2271 373 2294 8.
394 2279 441 2294 roz·
460 2271 561 2295 scilicet
580 2271 653 2295 deest.

186 2316 231 2346 44)
252 2312 334 2347 Sicut]
354 2314 435 2338 Editt.
457 2314 531 2338 1—3.
552 2315 588 2338 5*
609 2314 683 2338 sicuti

186 2359 232 2388 45)
255 2357 416 2390 symbolum]
435 2357 497 2382 hanc
514 2365 594 2382 vocem
613 2357 673 2380 Mel.
693 2357 761 2388 t’ry‘ra
778 2355 876 2381 verbum
900 2358 996 2379 norunt
1021 2353 1161 2386 adscripsit.

187 2401 233 2431 46)
252 2400 393 2432 Iohannes]
419 2401 467 2425 Ed.
493 2403 515 2425 4.
538 2402 564 2424 in
586 2408 678 2432 marq.⁸
705 2400 785 2424 Editt.
811 2399 887 2423 5—7.
912 2399 937 2422 in
962 2401 1029 2422 tatu
1056 2397 1162 2420 addunt:
1188 2405 1189 2411 ¹

257 2443 310 2466 cap.
332 2435 355 2458 3,

188 2478 234 2507 47)
255 2476 314 2509 etta]
335 2478 369 2501 sic
389 2478 470 2505 Cod.;
491 2479 516 2501 in
534 2486 602 2502 omn.
623 2478 700 2501 Editt.
721 2477 793 2501 deest.

189 2521 234 2551 48)
256 2520 360 2551 accipit]
382 2520 463 2545 Editt.
483 2522 506 2545 4.
527 2521 566 2545 6.:
586 2521 677 2551 recipit

189 2563 236 2593 49)
257 2562 291 2594 et]
310 2562 369 2586 haec
388 2571 448 2593 vox,
468 2572 539 2596 quam
558 2563 622 2588 Cod.
642 2563 665 2587 Ιι.
686 2563 700 2587 I.
723 2561 831 2591 exhibet,

190 2606 235 2636 50)
257 2604 378 2636 viuificat]
398 2607 480 2631 Editt.
502 2609 575 2631 1—3.
595 2608 634 2632 8.;
655 2611 680 2631 et
699 2606 813 2631 uiuitioet

857 2562 883 2585 in
901 2568 970 2585 omn.
990 2561 1069 2585 Editt.
1090 2560 1164 2584 deust.

1176 1451 1178 1468 l

1176 1477 1180 1502 ¹
1540 1486 1588 1518 De
1616 1484 1842 1518 satisfactione.

1177 1579 1181 1616 l
1292 1584 1397 1620 Quale
1419 1595 1497 1616 vero
1527 1585 1630 1617 chaos
1654 1585 1694 1615 sit
1722 1585 1892 1616 doctrinae
1915 1585 1956 1615 de
1980 1581 2179 1614 satisfactio-

1206 1629 1321 1667 nibus,
1358 1638 1441 1670 quas
1476 1629 1644 1659 nominant
1676 1637 1776 1668 opera
1805 1628 1950 1659 indebita
1983 1627 2106 1657 indicta
2139 1627 2182 1658 ab

1207 1671 1377 1710 Ecclesia,
1409 1670 1544 1713 longum
1580 1678 1669 1702 esset
1698 1680 1893 1709 recensere,
1922 1676 1952 1701 et
1981 1669 2077 1710 pauci
2105 1674 2184 1700 ante

1206 1715 1292 1747 haec
1313 1720 1463 1755 tempora
1485 1713 1725 1746 intellexerunt.
1766 1713 1841 1745 Non
1865 1713 2052 1744 dubitamus
2075 1717 2184 1743 autem

1182 1785 1185 1791 ,
1206 1759 1239 1790 in
1262 1756 1425 1798 Ecclesijs
1449 1757 1573 1788 nostris
1602 1762 1633 1788 et
1660 1762 1762 1788 totam
1786 1756 1872 1788 hanc
1900 1761 2024 1797 partem
2049 1764 2128 1786 vere
2151 1759 2185 1786 et

1181 1793 1185 1837 Ι
1211 1801 1382 1843 perspicue
1407 1801 1591 1841 expositam
1615 1810 1701 1831 esse.
1748 1799 1820 1830 Fuit
1842 1809 1916 1830 mos
1939 1798 2054 1839 primis
2084 1797 2184 1839 patri-

1182 1841 1186 1878 ί
1210 1846 1272 1875 bus
1297 1853 1373 1881 eos,
1397 1845 1452 1885 qui
1475 1843 1680 1885 homicidijs,
1704 1849 1758 1874 aut
1775 1844 1827 1880 ⁵⁶)
1851 1841 1948 1873 idolis
1971 1846 2027 1872 aut
2050 1840 2185 1872 incestis

1183 1880 1187 1920 Ι
1210 1887 1400 1918 libidinibus
1428 1885 1545 1928 polluti
1577 1884 1721 1923 fuerunt,
1737 1887 1790 1919 ⁵⁷)
1819 1895 1935 1917 arcere
1963 1883 2036 1922 [fol.
2061 1883 2143 1923 80³]
2168 1893 2188 1914 a

1181 1929 1187 1967 ,¹
1211 1940 1271 1961 sua
1295 1930 1532 1961 consuetudine
1555 1934 1587 1960 et
1610 1929 1787 1970 praecipue
1810 1939 1830 1960 a
1857 1927 2045 1968 sacrificijs.
2090 1925 2188 1958 Hunc

1181 1970 1186 1995 l
1209 1983 1334 2004 morem
1358 1978 1390 2004 et
1410 1974 1593 2015 Synagoga
1616 1973 1758 2009 retinuit,
1776 1977 1807 2003 et
1830 1971 2035 2003 retinuerunt
2054 1970 2086 2001 in
2105 1969 2188 2001 Asia

1211 2136 1259 2167 51)
1277 2135 1450 2169 absolutione]
1470 2136 1550 2160 Editt.
1572 2136 1647 2160 5—7.
1668 2136 1693 2158 in
1711 2139 1778 2160 textu
1798 2134 1903 2158 addunt:
1924 2134 1948 2157 2.
1970 2133 2033 2164 neg.
2056 2133 2110 2161 12,
2137 2131 2186 2156 Ed.

1282 2173 1315 2229 ῗέὶ
1325 2172 1447 2230 inlgnarq.
1467 2170 1550 2194 Imber:
1571 2172 1594 2194 ⁶2.
1614 2170 1678 2201 Reg.
1699 2170 1722 2193 2.
1752 2168 1880 2200 Ileyuntur
1898 2176 1961 2200 seqq.
1982 2166 2056 2192 rerba
2075 2168 2098 2190 2.
2118 2165 2187 2190 Sam.

1185 2226 1188 2277 i
1213 2249 1259 2277 52)
1281 2256 1368 2272 vocem
1397 2247 1532 2278 Euangelij
1562 2261 1594 2265 —
1621 2245 1818 2277 remissionem‚]
1851 2245 1932 2269 Editt.
1968 2245 2041 2269 1—3.
2074 2244 2114 2268 8.:
2142 2243 2190 2267 tibi

1185 2286 1188 2310 Ι
1284 2291 1384 2314 quoquc
1405 2283 1554 2306 annunciat-i
1573 2282 1749 2305 remissionem
1767 2284 1941 2312 peccatorum,

1186 2319 1188 2338 ἵ
1214 2326 1260 2357 53)
1281 2326 1322 2358 acl
1342 2327 1377 2350 sic
1395 2325 1460 2349 coa.
1480 2329 1502 2349 a
1521 2325 1569 2348 Ed.
1589 2326 1627 2354 4.;
1647 2328 1705 2347 cett.
1724 2323 1817 2347 Editt.:
1838 2324 1873 2347 At

1187 2370 1189 2401 ζ
1215 2370 1261 2400 54)
1282 2370 1380 2399 rursus]
1400 2369 1482 2393 Editt.
1504 2368 1578 2392 1-3.
1599 2368 1637 2392 8.:
1658 2374 1757 2390 rursum

1184 2165 1188 2186 l

1185 2192 1188 2202 v

1187 2416 1189 2439 Ι,
1215 2412 1262 2443 55)
1281 2412 1382 2444 inquit,]
1405 2411 1448 2436 hoc
1468 2410 1564 2436 verbum
1582 2410 1643 2434 Mel.
1663 2411 1688 2433 in
1706 2418 1785 2441 marq.
1811 2409 1952 2440 adscripsit.
1991 2407 2049 2431 Post
2074 2405 2119 2430 Ιιοο
2143 2405 2192 2430 Ed.

1187 2446 1190 2526 ἲ
1285 2446 1439 2505 gangulfi:
1458 2445 1541 2470 addit:
1563 2446 1585 2470 1.
1610 2445 1682 2468 Ioan.
1704 2444 1739 2473 3.;
1758 2444 1806 2467 Ed.
1826 2444 1851 2467 4.
1877 2441 1940 2466 hunc
1964 2442 2040 2466 locum
2062 2441 2088 2464 in
2112 2447 2192 2471 mary-

1188 2531 1191 2588 ἱ
1217 2524 1264 2555 56)
1284 2525 1339 2556 aut]
1358 2525 1395 2548 sic
1413 2524 1495 2553 Cod.;
1515 2522 1548 2547 ab
1566 2529 1634 2546 omn.
1655 2521 1734 2545 Editt.
1754 2520 1776 2544 ΙΙ.
1797 2521 1812 2544 l.
1834 2520 1910 2544 abae.

1218 2567 1264 2595 57)
1283 2566 1397 2598 fuerunt]
1422 2566 1504 2590 scriba
1526 2566 1630 2597 primum
1655 2565 1804 2596 scripserat:
1831 2563 1945 2592 fueraut,
1970 2561 1998 2586 td
2020 2560 2086 2593 quod
2109 2559 2196 2585 deinde

1286 2605 1404 2625 mutatum
1424 2605 1456 2625 est
1475 2602 1513 2623 in:
1534 2600 1636 2623 fuerunt
