2299 2921
153 154 195 186 21

156 547 241 576 Febr.
272 547 320 575 24.

155 591 239 620 Mart.
272 590 319 618 12.

270 633 319 662 23.

155 760 248 798 April.
271 761 316 788 10.

274 803 320 831 12.

270 888 318 916 16.

154 1017 223 1045 Mai.

270 1060 283 1087 1
290 1059 318 1087 8.

270 1103 317 1130 19.

154 1144 217 1173 Iun.
292 1145 318 1171 7.

267 1271 316 1300 27.

153 1314 206 1343 Iul.
270 1314 319 1342 24.

152 1358 230 1394 Aug.

152 1441 233 1479 Sept.

151 1484 217 1513 Oct.
287 1484 315 1512 9.

153 2124 216 2154 Ian.

156 2252 244 2281 Febr.
290 2253 318 2282 9.

933 150 955 183 1.
1002 148 1212 182 ANNALES
1235 147 1380 180 VITAE.
2111 149 2156 181 22

377 247 486 276 nullam
511 246 580 274 fecit
600 246 786 274 mentionem.
833 245 937 284 Neque
959 255 1028 274 vero
1053 245 1150 280 etiam,
1174 249 1205 272 ut
1228 244 1321 272 visum
1345 248 1388 272 est
1408 243 1519 272 homini
1541 243 1626 272 docto
1648 244 1692 281 (in
1716 243 1766 272 der
1778 243 1903 280 Allgem.
1920 242 2155 273 Literatur-Zeit.

381 290 470 319 1829.
495 298 541 318 no.
570 289 638 316 141.
661 299 689 325 p.
716 288 830 323 1127),
854 289 916 317 dies
940 288 1047 317 Hilarii
1071 292 1116 316 est
1137 288 1164 317 d.
1189 288 1238 316 21.
1262 286 1402 314 Februar.
1427 303 1465 307 —-
1491 286 1550 314 Res
1579 296 1647 314 vero
1673 286 1744 314 haec
1773 286 1816 315 sic
1842 295 1874 314 se
1903 286 2010 314 habere
2029 287 2153 315 videtur.

377 332 413 360 In
435 332 555 360 Lutheri
579 331 701 367 epistola
724 331 903 360 desideratur
923 333 1021 370 quola
1041 331 1112 358 feria
1134 335 1200 367 post
1222 328 1443 366 sexagesimam
1466 329 1575 366 scripta
1597 329 1651 364 sit,
1675 333 1703 356 et
1726 329 1834 356 excidit
1856 337 2003 357 numerus.
2047 327 2080 357 Si
2102 339 2154 366 pu-

377 380 432 409 tas⁷
455 374 614 402 Lutherum
638 374 804 411 scripsisse:
841 374 948 411 „feria
968 372 990 402 3
1010 375 1084 412 post
1105 373 1343 410 Sexagesimam“
1366 372 1399 408 (i.
1421 381 1446 401 e.
1472 372 1499 401 d.
1522 372 1571 399 21.
1586 370 1696 408 Febr.)‚
1720 381 1791 409 puer
1814 376 1899 400 natus
1921 371 1978 399 iam
2002 370 2103 399 fiiisset
2126 371 2154 401 d.

379 417 427 446 20.
452 416 553 449 Febr.,
587 417 636 452 qui
660 420 703 444 est
725 417 787 444 dies
809 416 1000 444 Eucharii.
1045 416 1144 444 Facile
1166 421 1261 444 autem
1285 415 1378 443 editor
1406 415 1595 452 epistolarum
1624 415 1662 442 ad
1684 413 1899 449 camerarium,
1935 414 1979 441 vel
2002 414 2156 452 typotheta

375 460 470 498 potuit
490 469 543 496 pro
566 459 665 487 Euch
675 459 744 486 arii
766 459 863 496 legere
884 458 1029 487 Hilarii.
1069 457 1254 495 „Saturnalia
1275 457 1385 495 vulyffl
1411 462 1518 493 autem,
1541 467 1614 494 quae
1632 457 1701 485 Mel.
1724 458 1753 485 in
1774 466 1817 493 ep.
1841 457 1877 484 ad
1890 455 2003 484 Camer.
2028 465 2153 485 comme—

377 507 479 537 morat,
502 506 569 530 sunt
590 502 667 529 haud
688 502 773 529 dubie
796 502 868 536 dies,
891 502 941 539 qui
964 502 1098 529 dicuntur
1122 501 1288 536 Fastnacffl,
1312 501 1362 538 qui
1385 509 1461 528 anno
1483 500 1574 530 1525.
1598 500 1715 528 fuerunt
1733 500 1760 529 d.
1787 499 1935 528 26—28.
1959 499 2120 527 Februarii.

345 545 452 575 Scribit
473 544 623 582 Hittorpio
646 545 681 572 de
702 544 799 572 Plinio
819 545 897 572 edito
921 550 949 572 et
972 545 1092 572 edendo.

341 589 488 618 Lutherus
508 588 545 616 ad
567 586 762 625 Spalatinum:
809 587 980 624 „Philippus
1003 587 1149 615 insomnia
1172 595 1264 624 paene
1286 586 1431 614 extinctus
1459 590 1543 614 esset.
1588 585 1694 613 Adhuc
1717 585 1788 613 satis
1811 589 1943 622 aegrotat
1964 593 1998 612 eo
2022 583 2153 612 morbo.“

343 631 511 660 Melanthon
535 631 571 658 ad
594 628 755 658 Camenas
787 630 923 667 „ancipiti
946 630 1123 667 aliquamdiu
1147 629 1312 657 valetudine
1335 629 1493 663 conflictor,
1518 628 1653 656 videlicet
1675 627 1857 665 implacabili
1878 627 2089 664 propemodum
2111 627 2156 655 in—

378 674 500 702 somnia.
525 691 566 694 —
589 672 686 700 Nemo
708 672 852 700 sodalium
877 676 926 700 aut
948 673 1105 701 amicorum
1130 677 1188 707 est,
1221 673 1251 699 in
1281 672 1363 699 cuius
1391 671 1572 699 sermonibus
1596 679 1774 708 magnopere
1797 670 1980 707 acquiescere
2002 670 2153 708 possum.“

378 717 497 754 Excipit
519 715 681 743 Lutherum
705 721 733 743 et
756 716 849 743 addit:
876 716 998 753 „reliqui
1021 720 1072 743 aut
1094 725 1152 742 non
1176 724 1280 742 vacare
1300 715 1371 742 mihi
1394 718 1517 751 possunt
1539 718 1590 741 aut
1613 714 1718 751 vulgus
1738 715 1832 741 sunt.“

339 759 489 796 Spalatino
513 759 584 786 duas
607 759 706 786 scribit
729 758 867 795 epistolas
890 759 925 785 de
946 759 1116 786 auctoritate
1135 758 1209 794 legis
1232 757 1388 785 mosaicae.

345 802 428 839 „Ego
452 802 556 829 bonam
581 801 763 829 Dioscuridis
786 806 896 838 partem
916 802 1060 838 percurri3
1078 801 1265 838 ἐιυμολογίαν
1287 799 1408 827 latinam
1431 799 1530 836 pueris
1553 798 1673 827 absolvi.
1718 798 1793 826 Mihi
1814 798 1919 826 medici
1941 797 2157 826 interdixerunt

376 854 458 873 usum
482 844 652 872 librorum.“

341 888 447 915 Adhuc
465 887 577 915 laborat
599 886 751 915 insomnia.
776 903 817 907 —
841 885 966 923 Propter
994 889 1089 913 motus
1111 885 1323 913 rusticanorum
1352 885 1381 911 in
1405 883 1580 918 Germania,
1615 884 1665 922 qui
1688 883 1885 911 Melanthonis
1918 882 2047 911 animum
2070 882 2156 911 valde

378 931 556 964 excruciant,
581 929 712 957 differtur
733 929 797 963 iter,
821 929 898 965 quod
920 928 1135 964 Norinbergam
1159 927 1194 954 ad
1216 927 1447 964 inauguraudam
1471 927 1601 954 scholam
1623 926 1717 954 facere
1738 926 1935 954 constituerat.

343 973 401 1001 Iter
423 973 491 1001 facit
510 982 574 1000 cum
597 972 727 999 Luthero
751 971 886 999 Islebiam
909 971 945 998 ad
968 971 1096 999 scholam
1119 970 1159 998 ibi
1182 969 1398 1003 instituendam,
1420 969 1496 997 unde
1520 974 1644 997 exeunte
1668 969 1764 1006 Aprili
1787 969 1908 997 rediisse
1929 968 2054 996 videtur.

342 1016 462 1043 Ineunte
486 1015 564 1043 Maio
589 1024 652 1042 cum
676 1013 834 1050 Crucigero
857 1013 1087 1050 Magdeburgum
1108 1012 1313 1050 proficiscitur,
1336 1017 1364 1039 et
1386 1017 1489 1049 postea
1510 1011 1638 1048 Torgam
1660 1012 1847 1049 exspatiatur.

340 1058 506 1086 Ludovicus
530 1057 679 1085 Palatinus
703 1057 821 1084 Elector
844 1056 944 1084 scribit
965 1055 1113 1093 Philippo,
1138 1060 1167 1082 ut
1190 1055 1226 1082 de
1250 1054 1379 1082 articulis
1399 1055 1610 1082 rusticanorum
1634 1063 1715 1082 suam
1738 1054 1912 1082 sententiam
1935 1053 2022 1082 dicat.

338 1101 503 1128 Erfurdimn
527 1106 645 1128 vocatus
668 1103 711 1127 est
734 1109 798 1126 cum
821 1099 965 1131 Luther0;
990 1098 1067 1135 quod
1090 1107 1159 1125 vero
1180 1098 1235 1125 iter
1258 1107 1316 1125 non
1340 1097 1445 1124 factum
1469 1106 1532 1124 esse
1556 1098 1676 1125 videtur.

343 1144 463 1171 Miserat
486 1143 714 1170 confutationem
737 1141 925 1168 articulorum
947 1141 1169 1168 rusticanorum.
1193 1157 1234 1160 ——
1253 1140 1299 1167 De
1319 1141 1476 1167 Muenzero
1498 1140 1598 1167 scribit
1620 1140 1657 1167 ad
1681 1137 1890 1167 Camerarium.

342 1186 442 1213 Mense
465 1185 549 1213 Iunio
572 1185 718 1222 praefatur
740 1184 768 1211 in
791 1184 895 1211 librum
921 1183 1067 1211 Lamberti
1090 1181 1379 1220 Schafnaburgensis.

341 1228 546 1256 Wenceslaum
568 1227 723 1255 Linckium
746 1227 849 1254 invitat
871 1227 907 1254 ad
930 1227 1046 1263 nuptias
1068 1225 1200 1254 Lutheri.

341 1271 469 1308 Nuptiae
492 1271 612 1298 Lutheri
634 1275 661 1298 et
683 1269 865 1298 catharinae.

343 1312 487 1341 Graecam
510 1313 607 1341 scribit
630 1313 666 1340 ad
689 1312 836 1340 Camerar.
861 1311 1016 1349 epistolam
1039 1312 1074 1339 de
1098 1310 1218 1338 Lutheri
1240 1311 1358 1347 nuptiis.

338 1355 405 1384 Hoc
429 1365 526 1384 mense
551 1355 644 1383 [oach.
668 1353 852 1383 Camerarius
875 1364 940 1382 cum
964 1354 1070 1382 Iacobo
1089 1354 1217 1382 Fuchsio
1240 1354 1294 1381 iter
1316 1353 1385 1381 facit
1406 1352 1438 1380 in
1461 1351 1622 1385 Prussiam,
1646 1351 1723 1380 unde
1745 1352 1864 1380 ineunte
1887 1350 1951 1379 Oct.
1974 1350 2061 1380 rediit
2073 1350 2156 1379 Vite-

376 1399 502 1435 bergam.

342 1440 482 1469 Invitatur
504 1440 721 1478 Norinbergam
744 1440 781 1467 ad
800 1439 929 1468 scholam
951 1439 991 1467 ibi
1014 1439 1229 1467 instituendam.

340 1485 461 1511 Ineunte
484 1483 548 1512 Oct.
573 1483 756 1512 Camerarius
778 1482 897 1510 advenit
919 1491 955 1510 ex
979 1482 1108 1510 Prussia.

340 1525 518 1554 Sententiam
541 1535 622 1554 suam
644 1526 714 1554 dicit
736 1526 771 1553 de
794 1524 963 1554 Carlstadtii
985 1525 1117 1553 doctrina
1139 1525 1175 1553 de
1197 1533 1280 1553 sacra
1303 1533 1402 1553 coena.

341 1569 431 1597 I’arat
453 1578 483 1597 se
503 1570 540 1596 ad
562 1570 617 1597 iter
641 1568 886 1605 Nox-inbergense.

341 1611 554 1649 Norinbergam
578 1611 769 1648 proficiscitur
792 1611 828 1638 ad
849 1610 980 1639 scholam
1001 1610 1208 1638 instituendam
1231 1619 1297 1638 cum
1320 1607 1498 1643 Camerario,
1520 1608 1632 1636 itineris
1655 1607 1748 1637 socio.
1792 1607 1838 1635 Ea
1859 1607 1895 1635 de
1915 1616 1947 1636 re
1968 1604 2157 1635 Camerarius

374 1655 404 1682 in
424 1655 482 1682 vita
501 1654 709 1682 Melanthonis:
751 1653 845 1689 „Illud
868 1654 924 1681 iter
947 1654 1032 1682 huius
1055 1654 1124 1681 anni
1143 1653 1255 1690 (1525)
1274 1656 1429 1680 auctumno
1453 1652 1602 1688 ingressus
1626 1656 1679 1686 est,
1699 1655 1727 1678 et
1750 1659 1803 1679 nos
1824 1658 1923 1678 sumus
1944 1659 2003 1678 una
2024 1649 2156 1686 profecti,

375 1707 468 1734 eoque
490 1698 592 1725 itinere
616 1697 802 1734 Papebergae
825 1697 901 1733 apud
921 1706 1017 1724 meum
1036 1700 1145 1733 patrem
1169 1696 1257 1724 habui
1280 1696 1424 1732 hospitem
1447 1694 1617 1731 Philippum
1640 1693 1708 1722 Mel.
1744 1693 1958 1730 Norimbergae
1980 1696 2076 1720 autem
2099 1692 2156 1721 hoe

373 1740 479 1768 factum
504 1746 562 1776 est,
594 1744 625 1767 ut
655 1740 788 1776 proximo
817 1749 893 1766 anno
922 1740 1028 1767 rediret
1056 1739 1125 1767 illuc
1148 1739 1301 1776 Philippus
1324 1738 1407 1772 Mel,
1431 1742 1459 1765 et
1477 1737 1632 1765 adduceret
1654 1736 1808 1764 Eobanum
1831 1736 1975 1771 Hessum‚
2009 1744 2073 1763 cum
2096 1735 2155 1763 iam

375 1784 566 1818 convenisset,
589 1787 620 1810 ut
634 1782 793 1810 Michaelus
808 1782 951 1819 Rotingus
975 1786 1000 1809 et
1025 1791 1078 1819 ego
1102 1782 1207 1809 ibidem
1230 1782 1282 1809 illo
1305 1786 1435 1818 tempore
1457 1780 1654 1808 adessemus.“
1672 1795 1711 1800 -—
1732 1779 1779 1807 Ex
1802 1778 1926 1816 epistola
1947 1778 1984 1806 ad
1996 1776 2155 1806 Sturtzium

374 1827 490 1854 ineunte
513 1825 575 1853 Ian.
602 1826 692 1854 1526.
715 1824 896 1862 intelligitur,
921 1825 1138 1852 Melanthonem
1161 1825 1190 1852 in
1213 1825 1306 1852 reditu
1331 1823 1495 1851 Ert'ordiam
1520 1823 1642 1850 venisse.

340 1867 407 1896 Hoc
429 1878 505 1896 anno
526 1869 664 1896 iudicium
687 1868 786 1896 scribit
808 1868 843 1895 de
864 1868 926 1895 iure
947 1868 1123 1895 reformandi
1145 1868 1208 1895 sine
1229 1867 1388 1904 episcopis,
1412 1870 1440 1894 et
1462 1866 1497 1893 de
1520 1863 1656 1893 Somniis.
1691 1864 1854 1905 *Praefatur
1881 1864 1912 1892 in
1935 1863 2046 1892 Euricii
2065 1862 2155 1892 Cordi

376 1912 448 1939 duos
470 1911 584 1940 libellos
607 1915 636 1939 et
657 1911 687 1939 in
709 1910 840 1938 Terentii
863 1911 1030 1939 comoedias
1052 1920 1070 1938 a
1092 1910 1260 1939 Camerario
1284 1910 1385 1938 editas.

992 2036 1149 2068 ANNO
1188 2036 1315 2067 1526.

343 2123 463 2151 Ineunte
486 2124 545 2151 Ian.
568 2122 698 2159 Lipsiam
723 2123 913 2159 proficiscitur
935 2124 965 2151 in
987 2124 1143 2153 nundinas.

342 2166 408 2194 Hoc
427 2176 524 2194 mense
546 2170 668 2203 augetur
690 2166 865 2202 stipendium
888 2166 1101 2201 Melanfflunis,
1126 2167 1209 2203 eique
1231 2166 1335 2193 dantur
1361 2165 1421 2193 -200
1446 2165 1549 2193 floreni
1572 2164 1702 2198 mimici,
1726 2168 1759 2190 ut
1779 2161 1944 2198 theologica
1966 2169 2081 2198 quoque
2103 2160 2154 2189 do·

377 2213 441 2237 ceat
463 2210 492 2236 in
517 2209 683 2236 Academia.
729 2208 898 2236 Melanthon
921 2209 1040 2245 mavult,
1061 2214 1090 2237 ut
1111 2210 1209 2246 potius
1233 2208 1274 2236 Io.
1300 2207 1440 2245 Agricola
1464 2207 1651 2244 Vitebergam
1672 2210 1803 2233 vocetur.

342 2252 487 2280 Lutherus
515 2252 551 2279 ad
574 2252 741 2288 Principem
764 2251 942 2279 Electorem:
969 2253 1030 2287 „Q
1057 2252 1103 2287 {pat
1128 2253 1160 2281 (ξ.
1183 2252 1218 2281 R.
1244 2251 1275 2284 ἧς.
1302 2252 1339 2280 Θ.
1365 2252 1392 2279 in
1419 2255 1463 2279 ber
1489 2249 1628 2285 Drnmmq
1654 2250 1699 2277 bet
1728 2247 1897 2281 uuinetfitc'it
1921 2245 2041 2283 befebIen
2067 2245 2158 2282 [offen.

378 2295 422 2324 wi.
448 2294 607 2330 fflbilipnfen
630 2294 690 2321 200
710 2295 736 2327 fl.
756 2294 867 2331 Ῐᾱβτῐίὡ
888 2303 918 2332 gu
940 2295 1028 2331 geben.
1074 2295 1123 2324 ’Ru
1143 2296 1293 2330 befrbmetet
1315 2295 1362 2329 ᾗὼ
1384 2297 1428 2323 bet
1447 2293 1571 2329 ffllenfcb,
1593 2293 1676 2326 folcbss
1696 2300 1727 2329 gu
1748 2290 1877 2325 nebmen,
1899 2292 1952 2318 uuss
1973 2292 2017 2318 Det
2037 2290 2157 2323 utfudie,

378 2340 462 2370 benn.
488 2339 549 2367 meiI
570 2346 595 2366 et
615 2338 683 2370 uidit
703 2344 810 2374 vermug
830 2338 855 2373 1¹⁰
876 2337 933 2372 fleis
951 2341 1005 2365 uno
1026 2338 1122 2373 tfiglicb
1142 2338 1171 2366 in
1194 2342 1238 2366 bct
1259 2336 1365 2371 &christ
1390 2346 1420 2375 gu
1448 2336 1530 2371 [efen.
1557 2336 1643 2367 mbcbt
1668 2337 1711 2363 etss
1737 2334 1806 2366 nicht
1833 2333 1883 2361 mit
1907 2335 1997 2368 qutem
2021 2331 2157 2367 &emiffen

379 2380 509 2417 nebmen.
529 2383 583 2409 unb
608 2381 719 2412 meinet,
743 2380 776 2408 ᾧ.
797 2380 832 2408 Si.
853 2379 885 2412 {3-
905 2380 942 2409 (ὅ).
964 2381 1069 2415 fobbere
1088 2381 1153 2415 sold)
1174 2380 1305 2417 gesti-enge
1325 2380 1401 2413 §.lesen
1422 2386 1474 2408 mm
1495 2378 1560 2415 ihm.
1608 2376 1654 2406 &o
1674 2377 1737 2413 bilft
1760 2376 1831 2404 mein
1856 2375 1953 2410 &agen
1973 2377 2028 2403 unt>
2048 2373 2157 2403 §senten

379 2432 427 2459 qur
448 2423 531 2457 nicht&
557 2424 597 2451 bei
617 2423 686 2458 ibm3
713 2422 743 2456 ist
763 2423 874 2458 verbali>
894 2423 979 2451 meine
1000 2423 1090 2455 ssitte,
1119 2424 1152 2452 (ξ.
1171 2423 1205 2451 st.
1226 2422 1257 2455 ὗ.
1279 2423 1316 2451 Θ.
1340 2424 1429 2452 mosste
1458 2422 1501 2457 ibt
1530 2419 1665 2454 &emutbe
1691 2419 1760 2455 {erss
1785 2427 1867 2454 gegen
1894 2416 1941 2452 ibn
1968 2418 2076 2446 lfiutetn
2099 2420 2155 2446 unt>

380 2468 488 2498 benten,
511 2467 553 2495 cde
574 2467 625 2501 boii
647 2466 678 2500 tie
697 2466 831 2503 511ftieben
852 2467 907 2501 fet).
927 2465 979 2501 Dnfi
1000 2475 1026 2494 et
1046 2467 1085 2494 bie
1105 2466 1255 2502 {beologie
1274 2465 1341 2501 [pelte
1368 2464 1529 2500 banebabm
1555 2464 1604 2492 mit
1623 2465 1669 2491 bet
1697 2461 1883 2496 §Disputation
1907 2460 1962 2489 unb
1988 2460 2081 2496 ssefen.
2107 2459 2159 2489 mie

380 2509 477 2541 norb‘m
498 2509 651 2545 gefcbeben,
672 2512 733 2542 bod)
754 2511 780 2543 fo
800 2509 853 2538 hiel
873 2516 899 2537 et
918 2514 1044 2545 vernlug,
1065 2512 1093 2538 es
1112 2509 1152 2545 fel)
1172 2509 1251 2546 gleicl)
1272 2509 1312 2538 Die
1332 2507 1451 2541 QBocben
1471 2515 1523 2536 nur
1543 2506 1662 2537 einmat,
1683 2507 1746 2534 obet
1766 2504 1816 2533 mie
1834 2511 1861 2533 et
1880 2504 1981 2532 fann.“

273 2551 321 2579 20.
345 2549 464 2588 Lipsiae
487 2555 530 2579 est
552 2551 661 2587 aliquot
683 2551 754 2579 dies.

158 2594 243 2623 Mart.
276 2593 322 2622 10.
346 2593 506 2629 Promifflt,
530 2603 561 2622 se
584 2593 799 2632 Norinbergam
822 2597 974 2622 venturum
995 2602 1057 2622 esse
1081 2594 1117 2622 ad
1140 2594 1271 2623 scholam
1289 2592 1528 2630 inaugurandam.

1908 2644 1954 2670 Β*
