2299 2921
158 105 223 136 227
806 105 993 138 PlePPl
1021 104 1339 138 MELANTHOle
1368 104 1529 137 OPERA.
2108 106 2174 140 228

159 201 207 229 De
228 200 354 231 divortio
376 201 468 239 Regis
489 201 617 239 Angliae
640 200 711 230 520.
737 201 809 230 527.

159 244 301 274 ffiebenten
320 253 355 274 an
376 246 450 274 einen
474 251 528 275 ron
547 245 589 274 Det
610 244 784 281 ffiitterfdyuft
808 244 879 273 558.

158 286 206 314 De
228 296 321 315 coena
343 287 453 316 domini
477 288 548 316 577.

158 329 235 359 fflom
254 330 390 367 fimftigen
413 330 664 367 {Reiigionssftieben
690 329 761 358 592.

157 371 205 400 De
229 373 353 401 oonsilio
378 373 448 402 654.

158 414 205 443 De
229 420 373 444 conventu
393 414 513 452 Lipsiae
535 414 634 442 habito
655 414 726 444 722.

157 456 319 486 Consilium
343 459 372 486 in
398 456 524 485 Galliam
545 457 665 485 missum
689 457 760 484 741.

157 499 204 528 De
227 500 419 537 Zwinglianis
443 501 514 528 781.

155 542 203 571 De
225 552 317 571 coena
339 552 421 571 sacra
442 543 473 570 in
493 551 578 572 usum
599 541 730 579 Philippi
752 540 881 579 Landgr.
906 541 976 570 800.

155 584 297 614 Narratio
320 586 356 614 de
378 584 581 622 Anabaptistis
605 585 664 613 997
691 588 721 612 et
746 585 837 614 1003.

576 652 642 680 Vol.
666 651 722 680 ΙΙΙ.

154 712 296 741 Narratio
318 713 354 741 de
377 712 581 749 Anabaptistis
603 713 651 740 17.

154 756 308 784 Adversus
329 755 541 792 Anabaptistas
565 755 615 784 28.

154 799 295 827 Formula
318 798 491 827 concordiae
515 807 580 826 cum
603 796 719 826 Bucero
744 797 793 825 76.

153 840 202 869 De
226 841 350 870 concilio
373 841 504 878 generali
527 840 663 869 habendo
694 841 764 868 119.
792 839 850 868 126
875 844 904 868 et
930 840 999 869 134.

154 885 333 913 Protestatio
357 888 459 912 contra
483 883 638 911 concilium
660 884 728 912 157.

154 927 201 956 De
224 927 407 956 absolutione
433 927 503 955 173.

153 969 201 998 De
223 970 407 998 ordinatione
429 969 465 997 ab
489 969 639 1006 Episcopo
662 968 789 1006 petenda
812 967 884 997 182.

154 1013 202 1041 De
225 1013 427 1050 Anabaptistis
450 1012 487 1039 ad
510 1011 638 1049 Landgr.
660 1011 749 1039 Hass.
776 1011 847 1039 195.

154 1055 201 1084 De
222 1056 287 1084 iure
308 1055 495 1093 magistratus
515 1054 608 1082 civilis
630 1055 660 1082 in
680 1053 842 1082 Ecclesiam
863 1052 934 1082 224.

154 1099 202 1127 De
226 1107 315 1127 causa
333 1097 457 1126 Lutheri
481 1097 551 1126 229.

154 1142 202 1170 De
223 1142 287 1170 iure
304 1140 483 1169 reformandi
504 1139 574 1168 240.

154 1183 201 1212 De
223 1188 369 1222 potestate
391 1187 420 1210 et
442 1183 568 1220 primatu
591 1182 691 1220 Papae
716 1181 786 1210 271.

155 1226 336 1264 Subscriptio
359 1225 506 1254 articulor.
530 1223 725 1254 Schmalcald.
748 1224 818 1253 286.

154 1270 203 1299 De
225 1269 409 1298 recusatione
431 1268 549 1297 concilii
573 1269 644 1296 313.

156 1313 204 1341 De
226 1312 435 1340 iustificatione
458 1316 486 1338 et
509 1311 544 1338 de
567 1310 652 1338 bonis
674 1309 812 1347 operibus
836 1309 908 1337 430.

158 1358 207 1384 An
230 1356 313 1392 Papa
334 1355 439 1382 habeat
462 1358 617 1390 utrumque
640 1352 790 1391 gladium?
813 1352 885 1381 466.

160 1401 207 1428 An
231 1399 311 1436 leges
334 1397 433 1425 civiles
456 1397 566 1424 violare
589 1397 628 1424 sit
650 1402 801 1433 peccatum
824 1392 967 1423 mortale?
992 1393 1063 1422 473.

158 1444 207 1470 An
237 1444 388 1479 peccatum
422 1440 546 1468 mortale
581 1440 619 1467 sit
651 1439 763 1467 riolare
796 1439 876 1476 leges
909 1434 1144 1476 Episcoporum?

166 1486 274 1521 2474.

159 1527 299 1556 Narratio
322 1527 358 1554 de
382 1530 525 1554 conventu
548 1524 726 1554 Sei-vestano
748 1525 821 1553 497.

159 1570 299 1599 Narratio
322 1570 358 1597 de
380 1568 456 1597 bello
480 1577 545 1596 cum
566 1567 672 1596 Turcis
696 1567 767 1595 507.

159 1613 206 1642 De
229 1622 321 1641 coena
341 1613 451 1640 domini
476 1611 546 1640 619.

160 1659 209 1684 An
231 1657 312 1684 licita
334 1656 370 1683 sit
393 1654 523 1682 defensio
542 1658 642 1681 contra
665 1652 842 1681 Caesarem?
866 1653 936 1680 630.

160 1701 209 1728 An
228 1700 279 1727 alii
302 1699 340 1726 ad
361 1698 462 1726 foedus
485 1695 629 1725 Schmalc.
652 1696 824 1724 admittendi
847 1694 924 1723 sint?
949 1694 1019 1723 688.

160 1742 208 1771 De
231 1742 438 1770 reformatione
462 1740 555 1767 Acad.
579 1739 658 1776 Lips.
684 1739 754 1766 712.

160 1787 209 1813 An
227 1784 404 1821 Zwingliani
423 1784 460 1811 ad
480 1782 582 1810 foedus
604 1781 748 1810 Schmalc.
772 1780 945 1809 admittendi
968 1778 1045 1808 sint?
1073 1778 1143 1807 738.

160 1827 306 1867 Scriptum
331 1828 366 1855 de
388 1825 556 1855 visitatione
579 1825 779 1853 Ecclesiarum
802 1825 872 1852 751.

159 1872 381 1900 Testamentum
399 1868 594 1897 Melanthonis
619 1868 689 1896 «3251

160 1913 307 1952 Scriptum
330 1912 459 1940 Luthero
482 1916 512 1939 et
534 1910 716 1939 Melanthoni
739 1910 921 1947 suppositum
944 1908 1006 1938 830
1029 1917 1072 1946 sq.

160 1957 207 1986 De
229 1957 356 1994 bigamia
378 1955 508 1992 Philippi
530 1953 658 1990 Landgr.
682 1953 769 1981 Hass.
796 1954 855 1981 849
881 1961 943 1990 sqq.

162 2000 208 2028 De
227 2009 299 2037 pace
322 1998 455 2026 facienda
478 2007 542 2025 cum
566 1996 723 2034 Episcopis
748 1995 818 2025 926.

162 2044 269 2072 Forma
294 2040 487 2070 absolutionis
511 2040 582 2069 956.

162 2087 208 2115 Ι)0
231 2086 346 2114 Franco
370 2090 395 2111 et
415 2083 669 2112 Schwenckfeldio
693 2082 764 2111 983.

162 2129 288 2158 Articuli
306 2129 337 2156 in
360 2127 499 2164 Angliam
521 2126 602 2154 missi
629 2126 719 2154 1009.

160 2173 208 2200 Do
227 2172 340 2200 ratione
362 2171 525 2198 studiorum
551 2170 642 2197 1110.

160 2215 208 2244 De
232 2214 435 2243 constituenda
457 2212 619 2241 Academia
642 2210 725 2248 Lips.
753 2210 845 2238 1134.

161 2258 338 2287 Protestatio
361 2257 392 2284 in
415 2255 560 2292 colloquio
583 2254 730 2282 Wormat.
755 2252 896 2281 tradenda
923 2252 1012 2281 1143.

163 2302 303 2331 ssebenten
322 2308 383 2330 nom
403 2296 548 2335 OEossoquio
569 2307 599 2337 3¹¹
618 2297 735 2326 {Borma
760 2297 852 2326 1151.

162 2344 328 2382 Responsio
350 2343 386 2370 ad
411 2341 553 2371 Granveli
576 2341 740 2368 orationem
769 2338 859 2368 1168.

164 2386 349 2424 Colloquium
372 2394 437 2413 cuin
461 2384 611 2413 Granvela
632 2383 722 2412 1207.

583 2452 650 2480 Vol.
674 2451 728 2478 IV.

166 2515 351 2552 Colloquium
375 2523 439 2542 cum
461 2513 555 2541 Eckio
579 2513 609 2540 in
632 2516 775 2540 conventu
801 2510 942 2538 Wormat.
965 2509 1014 2539 33.

167 2560 215 2588 De
237 2556 560 2587 transsubstantiatione
580 2556 650 2584 261.
673 2555 745 2583 262.

1191 200 1239 229 De
1256 200 1348 229 abusu
1370 205 1618 230 sacramentotum
1643 206 1671 229 et
1693 201 1730 229 de
1752 201 1842 230 missa
1861 201 1931 231 309.

1190 243 1331 272 Narratio
1354 244 1390 272 de
1412 243 1558 281 colloquio
1576 243 1728 273 Ratisbon.
1754 244 1825 272 322.
1847 245 1907 272 330
1931 249 1960 272 ct
1984 245 2054 274 335.

1191 286 1318 314 Articuli
1336 286 1463 323 oppositi
1485 286 1559 314 libro
1582 286 1736 315 Ratisbon.
1761 288 1831 315 348.

1191 328 1239 357 De
1262 329 1513 357 administratione
1533 329 1736 358 Eucharistiae
1760 330 1830 358 387.

1191 370 1238 399 De
1260 371 1335 399 libro
1357 371 1567 400 Ratisbonensi
1589 373 1659 400 413.

1192 413 1287 442 Index
1311 415 1454 442 abusuum
1473 415 1503 442 in
1526 414 1661 443 Ecclesia
1685 415 1756 443 530.

1191 456 1239 485 De
1260 456 1465 485 reformatione
1487 457 1639 485 Ecclesiae
1662 458 1733 486 541.

1192 499 1332 527 Narratio
1355 500 1391 528 de
1414 505 1561 528 conventu
1585 499 1696 527 Ratisb.
1723 500 1794 528 577.

1192 541 1332 570 Narratio
1355 543 1391 570 de
1414 548 1559 571 conventu
1577 541 1690 570 Ratisb.
1715 541 1786 570 633.

1191 585 1240 612 An
1275 585 1414 621 puniendi
1448 586 1507 613 sint
1544 586 1779 617 concionatores,
1821 585 1870 621 qui
1904 584 2064 613 chricum
2098 583 2174 613 Duc.

1235 627 1388 655 Brunsvic.
1413 627 1624 656 incendiarium
1648 627 1809 655 vocarunt?
1833 628 1904 655 649.

1192 669 1240 697 De
1258 669 1407 707 Episcopo
1430 670 1614 708 Naumburg.
1638 670 1708 698 683.
1732 670 1801 698 697.

1193 711 1241 740 De
1262 712 1468 749 Anabaptistis
1492 714 1561 741 737.

1166 761 1168 782 Ι
1193 754 1241 782 De
1263 763 1351 782 causa
1373 756 1577 783 matrimoniali
1603 756 1671 783 741.

1165 787 1169 834 Ι
1193 796 1241 825 De
1263 797 1392 835 bigamia
1415 798 1485 826 761.
1511 799 1581 826 766.

1165 841 1168 850 ⁴
1193 839 1242 868 De
1262 841 1492 877 sequestratione
1515 841 1658 868 bonorum
1680 839 1892 878 episoopalium
1915 841 1987 868 774.

1193 882 1241 910 De
1265 892 1334 911 casu
1357 883 1566 911 matrimoniali
1592 884 1663 911 777.

1192 923 1240 953 De
1262 925 1335 954 locis
1359 926 1532 962 theologicis
1556 925 1693 953 Melanth.
1714 926 1784 953 834.

1192 966 1239 996 De
1264 969 1377 1005 synodo
1398 969 1470 997 924.

1192 1009 1281 1039 Ratio
1303 1012 1463 1040 studiorum
1488 1011 1560 1039 934.

1193 1053 1320 1081 Articuli
1338 1055 1368 1081 in
1392 1054 1497 1091 quibus
1520 1053 1592 1081 nihil
1616 1053 1774 1081 cedendum
1798 1053 1828 1080 in
1850 1053 1974 1081 comitiis
1999 1053 2071 1081 931.

1192 1096 1358 1133 Apologiae
1390 1097 1451 1124 sive
1485 1096 1676 1124 confessionis
1712 1097 1837 1132 August.
1870 1096 1964 1132 prima
1998 1095 2176 1124 lineamenta

1193 1180 1357 1209 Exordium
1380 1183 1569 1218 Augustanae
1591 1181 1713 1209 confess.
1737 1181 1808 1210 999.

1194 1222 1242 1251 Ι)0
1265 1228 1409 1260 potestate
1431 1225 1556 1252 clavium
1582 1223 1671 1252 1002.

1194 1266 1243 1293 De
1266 1267 1324 1293 fide
1347 1272 1373 1294 et
1397 1267 1432 1294 de
1455 1266 1590 1303 operibus
1616 1266 1705 1293 1005.

1195 1308 1241 1336 De
1262 1309 1352 1337 missa
1375 1309 1489 1346 privata
1514 1309 1605 1336 1009.

1196 1351 1302 1380 Petitio
1326 1351 1400 1380 salvi
1424 1352 1584 1379 conductus
1610 1351 1700 1379 1034.

1195 1394 1242 1423 De
1253 1395 1331 1423 iusto
1347 1404 1400 1423 usu
1414 1395 1557 1423 bonorum
1576 1393 1772 1432 capitulorum
1787 1398 1816 1422 et
1827 1393 2071 1422 monasteriorum
2086 1393 2179 1422 1040.

1625 1462 1694 1491 Vol.
1717 1462 1755 1492 V.

1196 1522 1243 1552 De
1265 1522 1471 1550 reformatione
1489 1522 1519 1550 in
1543 1522 1796 1561 archiepiscopatu
1814 1522 1983 1552 Coloniensi
2006 1522 2056 1550 47.

1196 1567 1284 1594 Actio
1307 1565 1535 1594 Francofordiae
1558 1566 1595 1593 ad
1615 1566 1713 1594 Moen.
1740 1567 1809 1594 153.

1196 1608 1244 1637 De
1265 1609 1452 1646 impositione
1475 1617 1611 1637 manuum
1631 1609 1702 1637 209.

1196 1651 1264 1681 §Bon
1283 1656 1332 1681 ben
1352 1652 1471 1681 &sitirent
1492 1652 1536 1681 bet
1555 1650 1768 1687 Quaermabtten
1790 1650 1861 1680 296.

1197 1694 1244 1723 De
1266 1704 1354 1723 causa
1375 1694 1583 1723 matrimoniali
1608 1695 1679 1723 306.
1705 1694 1775 1722 307.

1197 1737 1244 1766 De
1267 1742 1409 1766 conventu
1429 1736 1531 1774 Spirae
1550 1737 1685 1765 habendo
1711 1737 1781 1765 374.

1198 1781 1244 1808 De
1267 1781 1385 1820 publica
1407 1780 1589 1808 absolutione
1613 1780 1684 1808 469.

1200 1824 1322 1860 Apocha
1343 1823 1414 1852 542.

1197 1866 1377 1895 Reformatio
1398 1865 1631 1902 Witebergensis
1655 1865 1726 1893 578.

1197 1908 1246 1939 Db
1272 1911 1328 1938 eine
1346 1909 1434 1945 Rsage
1458 1909 1541 1938 minet
1567 1910 1616 1937 ren
1640 1907 1728 1943 9130Ῥῇ
1751 1907 1803 1942 ‹iut'
1822 1906 1881 1936 bem
1907 1906 2069 1943 ffieitbfituge
2096 1914 2178 1946 angu=

1240 1953 1328 1988 fiessen
1346 1953 1402 1988 fei?
1423 1952 1493 1980 643.

1196 1995 1381 2032 Responsum
1404 1995 1441 2022 ad
1459 1994 1570 2022 monita
1592 1993 1720 2030 theolog.
1745 1992 1872 2020 Hassiae
1896 1992 1967 2020 686.

1197 2038 1317 2075 Pagella
1340 2038 1375 2065 de
1394 2038 1468 2066 serie
1490 2037 1615 2065 fatorum
1640 2036 1749 2065 Christi
1773 2035 1845 2065 709.

1196 2081 1243 2109 De
1264 2081 1460 2109 continuando
1482 2080 1600 2108 foedere
1623 2078 1765 2108 Schmalc.
1788 2078 1849 2106 720
1871 2082 1899 2105 et
1919 2077 1991 2105 744.

1195 2123 1302 2152 Utrum
1324 2125 1355 2152 in
1378 2123 1579 2161 persecutione
1596 2123 1683 2150 liceat
1703 2119 1907 2150 dissimulare?
1930 2124 1983 2148 etc.
2009 2119 2080 2148 735.

1198 2166 1245 2194 De
1268 2167 1342 2195 libro
1361 2165 1464 2195 Ioann.
1488 2175 1506 2193 a
1526 2165 1623 2194 Lasco
1646 2165 1716 2193 792.

1199 2210 1322 2247 Pagella
1343 2210 1380 2238 de
1401 2208 1545 2247 apostolis
1570 2206 1748 2237 Germaniae
1771 2206 1842 2235 852.

1617 2276 1683 2304 Vol.
1705 2274 1758 2304 VI.

1198 2338 1342 2367 Iudicium
1365 2338 1401 2365 de
1424 2337 1533 2374 scripto
1557 2335 1662 2364 Buceri
1680 2336 1717 2363 ad
1740 2333 1868 2372 Landgr.
1892 2333 1980 2364 Hass.
2003 2334 2093 2363 misso
2115 2334 2143 2362 7.

1198 2381 1245 2410 De
1267 2381 1412 2418 colloquio
1433 2379 1547 2409 Ratisb.
1572 2379 1704 2406 habendo
1730 2379 1778 2407 13.

1198 2424 1377 2454 Protestatio
1400 2423 1581 2452 Ratisbonae
1599 2421 1742 2449 tradenda
1762 2421 1810 2449 39.

1198 2466 1245 2496 De
1268 2471 1412 2496 conventu
1435 2465 1644 2494 Ratisbonensi
1668 2465 1717 2492 44.
1742 2464 1792 2492 46.
1817 2463 1865 2492 54.
1890 2465 1940 2492 74.
1964 2463 2014 2492 79.

1197 2510 1244 2538 De
1263 2510 1404 2539 vocabulo
1426 2508 1624 2547 poenitentiae
1651 2507 1720 2535 108.

1198 2553 1337 2582 Narratio
1360 2553 1396 2581 de
1414 2550 1518 2586 maso,
1536 2551 1671 2588 Hispano
1697 2549 1768 2578 112.
