2299 2921
1107 547 1164 611 F

247 650 542 716 INDEX
579 652 1320 722 PRAEFATIONUM
1356 659 2039 730 MELANTHONIS.

871 765 971 805 (conf.
996 770 1061 799 v01.
1086 768 1137 802 x..
1162 779 1190 807 p.
1216 769 1411 804 425—434.)

571 1011 637 1041 Vol.
663 1011 685 1041 Ι.

141 1068 175 1096 In
198 1069 347 1106 Epistolas
367 1070 469 1098 claror.
494 1072 579 1100 viror.
603 1072 674 1110 Pag.
700 1074 727 1101 5.

141 1111 175 1139 In
198 1111 329 1140 Terentii
353 1112 526 1142 Comoedias
547 1115 574 1142 9.

141 1154 175 1182 In
200 1154 347 1192 dialogum
370 1156 458 1194 myth.
481 1156 612 1185 Barthol.
636 1156 738 1187 Colon.
768 1160 814 1187 14.

142 1197 176 1225 In
200 1196 268 1225 Osci
294 1203 321 1225 et
344 1198 445 1226 Volsci
468 1199 618 1237 dialogum
645 1201 691 1230 15.

141 1239 175 1267 In
196 1241 356 1269 orationem
380 1242 415 1269 de
438 1242 547 1270 artibus
571 1243 682 1272 liberal.
708 1249 761 1273 etc.
786 1245 833 1273 15.

140 1282 175 1310 In
196 1283 323 1311 libellum
348 1284 495 1312 Plutarchi
518 1286 564 1314 18.

140 1325 174 1353 In
197 1327 414 1363 grammaticam
435 1336 569 1363 graecam
595 1327 643 1357 24.

141 1368 174 1396 In
196 1368 318 1397 Luciani
341 1370 502 1397 orationem
526 1371 560 1398 de
582 1371 725 1399 calumnia
749 1373 798 1402 46.

140 1411 174 1439 In
198 1413 360 1440 orationem
380 1413 415 1440 de
439 1414 618 1450 corrigendis
638 1414 851 1444 adolescentiae
874 1416 979 1445 studiis
1003 1416 1053 1445 52.

139 1453 174 1482 In
197 1455 432 1483 Boschensteinii
453 1457 669 1493 grammaticam
689 1457 854 1487 hebraicam
878 1460 927 1489 54.

140 1497 174 1525 In
197 1496 286 1526 fl'bros
309 1506 365 1526 tres
385 1499 420 1526 de
443 1499 590 1527 rhetorica
610 1500 662 1528 62:

139 1539 174 1568 In
197 1541 356 1569 orationem
381 1541 532 1570 funebrem
556 1543 661 1571 dictam
684 1543 885 1573 Maximiliano
908 1544 1018 1582 Imper.
1043 1545 1093 1575 69.

139 1582 173 1611 In
191 1583 320 1612 libellum
344 1584 479 1612 Lutheri:
503 1584 696 1623 Operationes
720 1587 748 1614 in
773 1586 907 1616 Psalmos
930 1589 978 1616 70.

138 1625 173 1654 In
195 1626 343 1655 Plutarchi
363 1627 451 1655 libell.
476 1627 511 1655 de
531 1638 685 1665 puerorum
708 1630 888 1658 institutione
913 1632 962 1660 74.

139 1669 173 1697 In
197 1675 352 1707 syntagma
372 1670 520 1698 Plutarchi
544 1678 596 1699 etc.
621 1673 670 1700 70.

139 1711 173 1740 In
195 1711 316 1741 Lutheri
335 1718 488 1741 comment.
508 1715 538 1742 in
562 1724 608 1751 ep.
632 1715 667 1742 ad
691 1713 789 1744 Galat.
816 1716 884 1745 120.

138 1754 174 1782 In
195 1754 319 1784 Luciani
341 1757 502 1784 orationem
525 1757 664 1786 adversus
687 1758 860 1787 calumniam
883 1759 952 1788 130.

138 1796 173 1825 In
197 1798 485 1827 declamatiunculam
510 1800 537 1827 in
562 1800 647 1828 Pauli
666 1801 810 1829 doctinam
836 1803 906 1831 135.

138 1839 173 1868 In
192 1842 436 1878 compendiariam
459 1842 624 1871 dialectices
647 1844 790 1872 rationem
819 1844 885 1873 152.

137 1882 173 1911 In
197 1884 402 1922 Aristophanis
426 1885 517 1913 nubes
542 1885 612 1915 273.

137 1925 173 1954 In
195 1927 412 1964 grammaticam
446 1937 580 1965 graecam
615 1929 685 1958 275.

137 1968 172 1996 In
194 1970 276 2007 epist.
300 1969 384 1998 Pauli
403 1970 440 1998 ad
459 1970 608 1999 Romanos
633 1971 702 2000 276.

137 2011 172 2039 In
191 2012 276 2049 epist.
299 2013 425 2050 priorem
450 2013 533 2041 Pauli
552 2014 588 2042 ad
612 2013 743 2044 Corinth.
764 2015 834 2044 388.

137 2054 171 2082 In
192 2055 389 2084 institutiones
411 2056 568 2085 rhetoricas
592 2057 662 2085 452.
742 2056 743 2059 ’

137 2097 171 2125 In
196 2097 280 2134 epist.
301 2098 420 2126 alteram
445 2098 529 2127 Pauli
547 2099 584 2127 ad
607 2099 739 2128 Corinth.
762 2101 832 2130 454.

136 2139 172 2167 In
193 2140 274 2168 locos
297 2150 463 2170 communes
486 2151 582 2170 rerum
605 2143 793 2181 theologicar.
818 2144 887 2172 510.

137 2183 172 2211 In
191 2184 275 2211 Arati
298 2184 502 2221 phaenomena
526 2186 596 2213 517.

137 2225 172 2253 In
196 2235 323 2255 canones
346 2227 532 2265 Apostolieas
552 2228 623 2258 518.

137 2268 173 2296 In
191 2268 340 2297 Plutarchi
358 2279 520 2299 sermonem
539 2270 718 2299 convivalem
743 2272 814 2300 519.

137 2311 172 2339 In
195 2310 315 2340 Lutheri
339 2313 402 2341 libr.
425 2314 460 2341 de
482 2313 564 2341 bonis
587 2314 722 2351 operibus
742 2314 813 2342 520.

138 2353 173 2382 In
196 2353 403 2384 Demosthenis
427 2366 490 2393 epp.
512 2356 584 2384 duas
608 2357 677 2385 520.

138 2396 172 2424 In
198 2398 282 2434 epist.
306 2398 389 2426 Pauli
412 2399 448 2427 ad
470 2398 595 2428 Roman.
617 2408 722 2436 graece
747 2400 817 2429 521.

139 2440 172 2467 In
196 2439 370 2478 Hieronymi
394 2441 495 2478 ecloga
518 2442 553 2469 dc
572 2441 644 2470 locis
667 2442 812 2471 hebraicis
836 2443 906 2472 593.

139 2481 173 2510 In
198 2489 382 2512 commentar.
406 2483 524 2512 Lutheri
545 2485 574 2512 in
593 2495 635 2522 ep.
659 2486 694 2513 ad
719 2484 815 2514 Galat.
833 2486 902 2515 638.

139 2524 174 2553 In
197 2525 378 2562 eloquentiae
402 2528 563 2555 encomium
589 2528 657 2556 645.

139 2567 173 2596 In
196 2567 370 2597 Psalterium
391 2569 512 2598 Davidis
536 2570 605 2598 664.

1172 1014 1205 1043 In
1228 1015 1350 1044 Lutheri
1378 1017 1483 1045 librum
1507 1017 1542 1045 de
1565 1019 1773 1048 constituendis
1794 1020 1903 1048 scholis
1925 1020 1996 1051 666.

1171 1058 1206 1086 In
1230 1058 1438 1087 Demosthenis
1462 1060 1659 1097 olynthiacam
1682 1063 1804 1098 primani
1826 1063 1898 1092 699.

1171 1101 1205 1129 In
1229 1100 1379 1130 Ciceronis
1403 1104 1499 1140 topica
1520 1104 1589 1131 700.

1171 1143 1206 1171 In
1229 1145 1275 1172 die
1294 1146 1354 1173 vier
1376 1145 1582 1182 Evangelisten
1606 1147 1749 1184 vereinigt
1771 1153 1825 1176 etc.
1850 1149 1920 1177 701.

1172 1187 1205 1214 In
1228 1187 1421 1224 fragmentum
1442 1189 1564 1216 Asconii
1588 1189 1708 1217 Pediani
1734 1190 1802 1218 702.

1171 1229 1205 1257 In
1229 1229 1393 1268 Hegesippi
1414 1230 1518 1258 librum
1543 1231 1613 1259 724.

1170 1271 1205 1299 In
1223 1271 1372 1300 Lamberti
1394 1271 1675 1310 Schai'naburgensis
1697 1274 1826 1303 libellum
1852 1276 1921 1305 749.

1144 1325 1145 1333 ¹
1170 1314 1205 1342 In
1224 1314 1335 1343 Euricii
1358 1315 1447 1344 Cordi
1472 1316 1740 1345 Antilutheromast.
1764 1318 1834 1345 770.

1170 1357 1205 1385 In
1230 1358 1338 1386 Euricii
1361 1356 1450 1386 Cordi
1473 1359 1705 1387 exhortationem
1729 1360 1798 1388 771.

1170 1400 1204 1428 In
1228 1401 1358 1429 Terentii
1382 1402 1546 1429 comoedias
1572 1402 1640 1430 772.

1169 1443 1203 1471 In
1226 1443 1392 1472 Salomonis
1415 1445 1573 1472 sententias
1597 1445 1668 1473 774.

1168 1486 1203 1513 In
1226 1486 1330 1515 Iustini
1353 1487 1503 1515 historiam
1527 1487 1597 1516 836.

1167 1528 1202 1556 In
1227 1530 1349 1559 oration.
1374 1529 1528 1559 Demosth.
1554 1535 1654 1558 contra
1676 1531 1825 1568 Aristogn.
1849 1531 1922 1562 837.

1168 1572 1202 1600 In
1221 1570 1339 1601 Scholia
1362 1573 1392 1600 in
1417 1582 1462 1610 ep.
1489 1572 1573 1600 Pauli
1596 1573 1633 1600 ad
1656 1571 1720 1601 Col.
1747 1574 1818 1602 873.

1166 1614 1201 1642 In
1225 1615 1351 1644 Fontani
1374 1616 1410 1643 de
1431 1615 1507 1643 bello
1532 1615 1647 1643 Rhodio
1672 1616 1761 1643 libros
1783 1621 1840 1645 tres
1866 1617 1937 1645 874.

1167 1658 1199 1685 In
1220 1657 1372 1686 Demosth.
1397 1659 1541 1686 orationes
1560 1658 1632 1686 duas
1655 1665 1755 1686 contra
1778 1659 1928 1696 Aristogn.
1955 1659 2025 1687 888.

1166 1701 1199 1728 In
1224 1700 1325 1729 Nonni
1348 1701 1537 1738 paraphrasin
1561 1700 1674 1737 Evang.
1700 1700 1819 1729 Ioannis
1843 1701 1914 1730 925.

1165 1743 1200 1771 In
1224 1744 1389 1772 Althameri
1410 1743 1537 1771 libellum
1562 1743 1597 1770 de
1618 1742 1778 1771 Germania
1796 1744 1892 1774 Taciti
1917 1743 1986 1773 927.

1165 1786 1199 1813 In
1223 1786 1280 1814 Iac.
1305 1786 1418 1824 Micylli
1441 1786 1657 1823 hodoeporicon
1677 1786 1747 1814 929.

1164 1828 1198 1856 In
1222 1830 1443 1866 dispositionem
1467 1829 1607 1857 orationis
1629 1829 1658 1856 in
1681 1838 1725 1866 ep.
1748 1828 1834 1857 Pauli
1856 1830 1892 1858 ad
1911 1829 1998 1859 Rom.
2027 1830 2118 1859 1043.

1164 1871 1199 1899 In
1222 1871 1356 1900 Danielis
1375 1872 1588 1899 enarrationem
1612 1872 1702 1899 1051.

1137 1924 1141 1937 ¹
1164 1914 1199 1942 In
1221 1914 1326 1942 librum
1350 1914 1385 1942 de
1407 1914 1557 1942 dialectica
1581 1914 1671 1942 1079.

1163 1956 1197 1984 In
1221 1966 1298 1985 nova
1320 1957 1431 1985 scholia
1453 1957 1482 1984 in
1506 1966 1586 1994 prov.
1605 1955 1664 1985 Sal.
1691 1956 1781 1985 1089.

1162 1999 1197 2028 In
1221 2000 1335 2028 Erasmi
1359 2000 1470 2037 copiam
1495 1999 1702 2027 vocabulorum
1730 2000 1818 2027 1118.

1587 2075 1651 2103 Vol.
1676 2074 1715 2103 ΙΙ.

1162 2143 1195 2172 In
1220 2143 1373 2182 Virgilium
1397 2143 1447 2172 22.

1162 2186 1197 2214 In
1218 2188 1376 2215 sententias
1399 2191 1528 2214 veterum
1549 2186 1585 2213 de
1608 2195 1699 2214 coena
1720 2186 1841 2214 Domini
1865 2185 1914 2214 29.

1162 2229 1197 2257 In
1220 2231 1344 2267 August.
1370 2229 1542 2258 confession.
1563 2228 1684 2257 Caesari
1707 2229 1876 2256 tradendam
1902 2228 1969 2257 131.

1163 2272 1197 2301 In
1221 2274 1344 2311 August.
1368 2272 1492 2301 confess.
1515 2271 1629 2309 publice
1652 2271 1793 2299 edendam
1817 2271 1889 2299 445.

1163 2315 1197 2343 In
1216 2315 1383 2344 Aristotelis
1401 2315 1490 2342 libros
1513 2314 1646 2351 politicos
1672 2314 1742 2342 452.

1163 2358 1197 2386 In
1217 2359 1431 2397 propositiones
1451 2357 1573 2385 subinde
1596 2357 1631 2384 de
1653 2355 1782 2384 Luthero
1806 2356 1973 2393 disputatas
1993 2356 2063 2384 455.

1136 2396 1139 2436 l
1164 2400 1198 2429 In
1220 2401 1338 2429 Linacri
1360 2400 1450 2428 libros
1471 2401 1506 2428 de
1530 2404 1673 2428 structura
1695 2399 1779 2427 latini
1801 2399 1942 2427 sermonis
1962 2399 2032 2427 481.

1164 2444 1198 2472 In
1221 2445 1386 2482 apologiam
1408 2444 1532 2480 August.
1557 2442 1681 2470 confess.
1707 2442 1812 2470 editam
1835 2441 1905 2471 496.

1164 2487 1198 2514 In
1222 2487 1328 2515 librum
1350 2486 1468 2514 Ioannis
1491 2486 1526 2513 de
1548 2483 1637 2513 Sacro
1659 2485 1751 2513 Busto
1772 2485 1808 2513 de
1830 2484 1955 2522 sphaera
1978 2484 2049 2513 530.

1163 2529 1197 2557 In
1221 2530 1364 2558 elementa
1381 2528 1540 2557 rhetorices
1563 2527 1635 2556 542.

1136 2577 1139 2604 ξ
1164 2572 1198 2600 In
1220 2571 1318 2601 Ioach.
1340 2571 1499 2602 camerarii
1521 2570 1634 2599 Norica
1655 2571 1724 2599 570.
