2299 2921
169 116 231 148 411

255 209 335 241 Item
362 208 618 241 Satisfactiones
643 208 833 242 Canonicas
858 209 1146 251 compensationes

169 262 245 285 esse
268 263 446 294 poenarum
471 253 662 295 purgatorii.

255 304 334 336 Item
360 305 534 346 synodos,
566 305 597 335 in
627 305 745 345 quibus
768 301 832 335 soli
853 302 1012 344 Episcopi
1035 303 1146 335 dicunt

169 348 362 385 sententias,
386 358 452 379 non
476 356 577 388 posse
600 356 722 378 errare.

257 400 335 430 Item
371 399 425 440 qui
462 405 661 429 consecrant
700 397 775 429 olea
805 403 837 428 et
870 396 953 428 alias
988 408 1044 429 res
1072 398 1145 429 sine

170 443 325 474 mandato
350 442 459 473 diuino
484 447 516 471 et
540 441 687 471 tribuunt
710 441 758 471 eis
782 441 847 471 vini
865 441 1008 472 diuinam
1030 446 1146 472 contra

170 491 313 526 peccata
336 490 366 515 et
392 482 545 514 diabolos
570 489 602 513 et
628 484 776 514 morbos.

256 536 333 566 item
359 535 411 575 qui
436 535 662 565 innovationes
686 535 728 564 ad
752 540 861 565 certas
879 540 1007 565 statuas
1025 535 1145 575 adpro-

169 580 260 615 bant,
284 579 378 619 quasi
403 578 445 608 ibi
468 576 544 618 plus
567 578 610 607 sit
631 575 817 618 auxilij.⁷⁴-')

256 630 334 659 item
369 629 422 670 qui
458 627 658 659 interficiunt
687 627 836 659 homines
866 627 1045 666 honestos,
1080 634 1146 660 tan-

170 679 236 703 tum
258 672 333 713 quia
358 672 422 703 hos
446 680 576 702 errores
599 671 798 712 improbant,
822 677 854 702 et
877 672 1048 702 veritatem
1071 682 1148 713 pro-

169 715 310 745 fitentur.
329 717 379 751 7⁵³)

254 766 346 797 Haec
360 767 411 802 ⁷⁴)
435 776 508 796 cum
527 766 591 796 sint
611 764 718 806 palam
734 767 783 803 ⁷⁵)
797 765 939 796 Ethnica
954 771 986 797 et
1009 764 1148 797 idolola-

169 810 262 846 trica,
286 806 495 839 manifestum
520 814 572 839 est
602 806 798 839 defensores
829 818 941 839 eorum
972 819 1039 839 non
1071 818 1147 840 esse

169 852 314 884 membra
326 850 512 889 Ecclesiae,
537 851 602 882 Sed
624 851 797 888 dominari,
819 852 905 883 sicut
924 851 1090 883 Sadducei
1116 858 1148 882 et

169 895 381 931 Phariseiffi)
397 894 658 925 dominabantur.
695 894 823 925 Interea
841 900 949 926 tamen
971 894 1044 933 [fol.
1066 895 1146 932 57³1]

168 937 311 975 fuerunt,
325 943 399 968 sunt
413 943 445 968 et
458 936 730 968 eruntEcclesia⁷
741 939 771 975 ⁷)
785 938 836 968 dei
846 937 996 969 homines
1010 938 1148 969 retinen-

169 987 220 1012 tes
243 978 500 1018 fundamentum,
519 980 646 1011 etiamsi
665 978 720 1022 alij
744 979 831 1021 plus,
855 979 909 1021 alij
933 981 1040 1012 minus
1063 980 1149 1012 lucis

169 1023 378 1061 habuerunt,
417 1022 541 1054 habent
578 1030 609 1054 et·
643 1022 888 1062 habebuntstQ)
923 1030 955 1055 et
988 1024 1150 1056 interdum

169 1067 276 1098 sancti
309 1066 404 1097 etiam
419 1068 469 1104 79)
494 1065 632 1107 stipulas
658 1072 812 1098 extruunt
833 1076 933 1107 supra
957 1065 1149 1099 fundamen-

168 1115 247 1148 tum,
268 1120 340 1141 cum
354 1110 548 1149 praesertim
562 1110 591 1140 io
605 1110 669 1141 hac
692 1115 874 1151 temporum
894 1110 1025 1141 miseria
1039 1110 1149 1142 multis

170 1153 224 1194 qui
253 1153 373 1184 habent
405 1153 496 1183 initia
529 1152 615 1187 fidei,
647 1163 712 1183 non
737 1153 949 1188 concedatur,
973 1159 1006 1184 vt
1029 1153 1150 1185 erudiri

170 1202 201 1227 et
226 1207 299 1227 cum
324 1196 525 1226 domioribus
550 1194 694 1237 colloqui
718 1196 856 1237 possint.

256 1246 296 1277 Hi
318 1252 395 1277 sunt
417 1253 525 1277 tamen
548 1247 581 1277 in
605 1248 709 1285 eoffl')
732 1257 887 1285 numero,
913 1247 1032 1288 quibus
1062 1248 1152 1279 iubet

170 1290 251 1321 deus
286 1289 377 1330 parci
412 1288 597 1320 Ezechielis
629 1289 657 1320 9.
704 1290 758 1331 qui
790 1295 925 1331 gemunt
972 1296 1004 1321 et
1039 1289 1152 1322 dolent

169 1337 347 1374 propterea
370 1332 458 1373 quod
482 1342 614 1363 errores
637 1332 857 1364 stabiliuntur.

256 1384 438 1424 Praecipue
463 1384 562 1425 igitur
585 1385 688 1421 exffl)
712 1394 798 1415 voce
817 1384 988 1416 doctrinae
1011 1385 1151 1416 iudican-

171 1428 247 1458 dum
269 1432 329 1463 est,
354 1434 385 1457 et
410 1427 545 1457 iudicari
570 1432 691 1467 potest,
714 1436 800 1468 quae
823 1432 854 1458 et
886 1428 942 1458 vbi
975 1427 1017 1458 sit
1040 1427 1154 1458 Eccle-

170 1470 296 1507 sia‚S·-’)
322 1479 407 1510 quae
431 1479 515 1500 voce
537 1479 637 1500 verae
658 1470 846 1507 doctrinae,
873 1471 992 1501 deinde
1016 1477 1048 1501 et
1071 1469 1152 1512 legi-

169 1513 246 1543 timo
271 1522 333 1544 vsu
365 1518 647 1543 sacramentorum
678 1514 719 1544 ab
745 1512 820 1554 alijs
852 1514 1006 1555 gentibus
1031 1513 1154 1545 discer-

170 1556 270 1586 nitur.
308 1556 385 1593 [fol.
410 1555 492 1593 5³²]
526 1554 567 1585 Et
590 1566 675 1597 quae
698 1556 741 1586 sit
764 1566 831 1587 uox
854 1566 954 1587 verae
969 1557 1152 1594 doctrinae,

170 1599 350 1630 ostendunt
374 1599 446 1639 ipsa
469 1598 595 1639 scripta
625 1597 824 1640 prophetica
848 1605 880 1630 et
902 1598 1100 1640 Apostolica
1123 1605 1155 1631 et

170 1641 343 1683 Symbola.
389 1641 424 1672 In
447 1640 499 1672 his
511 1652 578 1673 non
603 1647 653 1674 est
675 1642 830 1684 ambigua
843 1643 993 1674 doctrina
1018 1643 1058 1673 de
1082 1641 1153 1674 fun-

171 1684 338 1723 damento,
371 1683 526 1716 videlicet
549 1686 591 1716 de
613 1684 761 1718 articulis
781 1685 868 1728 fidei,
889 1687 931 1718 de
954 1686 1099 1717 essentia
1122 1692 1155 1718 et

174 1838 304 1869 72)11em
332 1840 375 1870 qui
405 1843 557 1862 consecrant
582 1853 613 1856 —
639 1840 671 1862 sit
701 1840 814 1871 auxilij]
845 1839 904 1865 liaeo
922 1840 984 1864 Mel.
1011 1841 1103 1872 partim
1130 1842 1155 1865 in

241 1880 337 1903 marn„
359 1875 451 1904 partim
476 1873 542 1897 intra
568 1874 644 1897 lineas
668 1875 767 1906 scripsit
788 1882 835 1905 pro
859 1874 944 1899 deletis
968 1878 1049 1899 tactus
1074 1875 1155 1900 verbis

241 1906 321 1931 hisce:
340 1907 405 1930 Item
424 1908 483 1931 olea
509 1912 658 1931 consecrata
681 1908 843 1932 sanctificare
867 1909 995 1932 homines.
1032 1909 1097 1933 Item
1121 1910 1154 1933 ad

243 1945 326 1965 certas
346 1945 443 1965 statuas
462 1942 547 1966 facere
566 1943 746 1966 inuocationes
772 1942 821 1968 hac
845 1942 941 1967 fiducia
966 1945 1039 1975 quasi
1063 1945 1100 1968 ibi
1122 1945 1155 1967 sit

242 1976 299 2007 plus
319 1976 419 2007 auxilij.

175 2018 220 2050 73)
241 2018 304 2043 Item
324 2019 367 2049 qui
386 2019 547 2043 interficiunt
566 2032 598 2037 ——
618 2018 789 2051 profitentur]
809 2019 869 2044 haec
884 2020 946 2044 Mel.
968 2020 993 2044 in
1011 2029 1091 2053 mai-y.
1111 2021 1156 2045 ad-

243 2052 315 2076 didit.
354 2053 428 2077 Omn.
448 2054 530 2078 Editt.
551 2053 588 2077 his
607 2054 665 2077 locis
683 2054 745 2078 Mel.
765 2054 941 2078 emendat-iones
960 2054 1080 2079 exhibent.

174 2096 219 2127 74)
240 2095 324 2127 Haec]
344 2095 427 2120 scriba
445 2097 594 2128 scripserat:
613 2097 686 2120 Haec
705 2098 804 2126 omnia,
824 2097 868 2122 sed
884 2097 946 2121 Mel.
965 2105 1045 2123 vocem
1069 2098 1156 2122 omnia

244 2130 340 2154 delei-ie.

175 2173 220 2204 75)
241 2173 336 2204 palam]
356 2173 438 2197 Editt.
462 2174 534 2197 1—3.
556 2174 594 2198 8.:
615 2174 690 2205 plane

174 2215 220 2246 76)
240 2216 370 2274 {agdueei
398 2220 422 2239 et
441 2216 571 2247 Pharisei]
596 2217 632 2240 sic
656 2216 736 2246 Cod.;
756 2224 824 2241 omn.
849 2218 947 2242 Editt.=
974 2217 1106 2242 Pharisaei
1131 2222 1156 2241 et

262 2257 276 2272 a
297 2257 370 2274 ucael

175 2293 219 2324 77)
239 2292 367 2325 Ecclesia]
388 2294 468 2317 Editt.
489 2295 514 2318 3.
534 2295 572 2318 8.:
591 2295 617 2317 in
637 2294 755 2318 Ecclesia

175 2335 219 2366 78)
239 2335 393 2394 Ῑὲαδεῗῦηιζηὲ
408 2336 456 2361 Ed.
475 2338 500 2361 4.
527 2337 552 2360 in
569 2345 662 2369 mar-q„
687 2336 768 2361 Editt.
788 2338 865 2362 5—7.
890 2338 916 2361 in
940 2340 1009 2362 textu
1031 2338 1106 2362 adda
1130 2339 1153 2362 1.

266 2374 332 2393 orint
354 2389 359 2394 .
380 2372 403 2395 “.
473 2378 477 2381 ’

617 114 729 147 PHIL.
753 114 857 147 MEL.
879 114 1065 147 scfflPTA
1090 115 1357 147 DOGMATICJ-
1379 115 1436 148 ET
1456 116 1729 153 SYMBOLICA.

1169 458 1173 501 ἒ

1172 854 1176 862 ι

1174 1480 1182 1540 ξ

2112 125 2176 158 412

1198 209 1367 242 voluntate
1390 211 1452 249 dei,
1477 213 1517 243 de
1540 211 1607 244 filio
1632 213 1927 256 Rede1nptore,⁸3)
1959 217 2000 248 de
2021 216 2108 259 lege,
2134 220 2176 251 de

1197 254 1485 294 promissionibus,
1519 255 1561 286 de
1594 267 1656 288 vsu
1689 264 1985 298 sacramentorum,
2019 261 2059 292 de
2081 261 2176 293 Mini-

1197 296 1311 327 sterio.
1355 295 1398 327 Et
1420 296 1628 330 manifestum
1651 306 1702 332 est
1724 298 1804 332 nulli
1823 308 2007 341 creaturae,
2030 313 2096 335 non
2119 315 2177 336 an-

1198 337 1293 379 gelis,
1326 349 1393 369 non
1422 338 1620 380 hominibus,
1656 353 1853 375 concessum
1881 347 2020 384 esseffl)
2051 352 2178 379 mutare

1197 381 1381 413 doctrinam
1404 392 1424 413 a
1447 383 1508 413 deo
1532 385 1694 417 traditam.

1284 422 1398 459 Qualis
1433 432 1540 457 autem
1575 429 1617 459 sit
1650 428 1816 467 Ecclesia,
1842 431 1985 462 ostendit
2014 430 2102 463 filius
2126 433 2178 464 dei

1197 466 1423 508 inquiens‚S⁵)
1448 467 1598 510 Regnum
1611 482 1716 502 meum
1740 482 1806 502 non
1828 478 1879 504 est
1891 473 1932 504 de
1955 472 2019 504 hoc
2044 475 2177 507 mundo.

1198 509 1287 540 Item.
1334 510 1428 542 Sicut
1458 518 1552 551 pater
1586 523 1678 545 meus
1710 514 1796 545 misit
1818 525 1887 552 me,
1917 516 1974 547 Sic
1997 526 2060 557 ego
2084 518 2178 549 mitto

1198 562 1270 583 vos.
1317 552 1492 594 Colligitur
1516 565 1599 586 voce
1621 558 1844 589 ministrorum
1868 557 2042 601 Euangelij
2072 566 2178 591 aeter-

1198 605 1240 626 na
1262 594 1416 627 Ecclesia
1440 597 1511 634 deo,
1536 604 1568 629 et
1591 600 1721 640 quidem
1745 599 1808 632 hac
1831 611 1916 632 voce
1941 602 2023 633 deus
2043 608 2093 633 est
2106 601 2178 635 effi-

1199 648 1260 668 cax
1282 644 1315 669 et
1345 637 1465 670 multos
1489 641 1531 671 ad
1555 651 1591 671 se
1617 644 1855 678 conuertit-³¹5>
1890 644 1963 676 Hoc
1986 645 2180 677 immensum

1198 681 1393 712 beneficium
1417 682 1469 713 dei
1495 694 1686 725 agnoscere
1716 686 1791 724 [fol.
1813 686 1895 726 58¹2]
1926 694 1959 718 et
1986 688 2072 729 grati
2094 688 2180 720 cele-

1198 725 1296 755 brare
1319 724 1490 756 debemus.

1285 766 1480 808 Quanquam
1504 775 1611 800 autem
1625 769 1779 802 Ecclesia
1802 777 1854 803 est
1873 780 2001 810 coetus,
2025 773 2081 814 qui
2104 783 2180 805 con-

1199 810 1282 851 spici
1301 816 1334 840 et
1357 811 1504 841 exaudiri
1526 817 1649 852 potest,
1673 819 1782 845 tamen
1805 815 2044 847 discernendus
2068 822 2120 848 est
2137 818 2179 849 ab

1199 853 1343 894 imperijs
1366 852 1507 893 politicis
1531 864 1592 886 seu
1613 857 1804 896 gerentibus
1829 856 1986 898 gladium.
2022 858 2091 890 Nec
2109 860 2181 891 iure

1200 896 1309 927 diuino
1334 895 1456 928 habent
1479 896 1701 938 Episcopiffl)
1724 905 1923 940 potestatem
1936 899 2045 941 gladio
2058 903 2111 939 88)
2123 913 2181 943 pu-

1200 939 1311 970 niendi
1334 949 1400 970 non
1424 940 1617 971 obedientes
1641 951 1702 972 nec
1721 942 1922 983 imperiaffl)
1946 944 2057 975 mundi
2082 955 2183 976 occu·

1200 982 1310 1022 pandi,
1343 981 1385 1013 Et
1418 988 1527 1014 tamen
1558 983 1591 1014 in
1624 993 1664 1015 ea
1698 985 1780 1016 ordo
1811 991 1861 1016 est
1897 985 1989 1017 iuxta
2023 985 2182 1026 illud‚⁹⁰)

1200 1025 1373 1063 Ascendit,
1397 1025 1452 1056 dat
1465 1026 1551 1057 dona
1564 1025 1763 1065 hominibus,
1776 1027 1973 1069 Apostolos,
1986 1029 2182 1071 prophetas,

1200 1067 1448 1110 EuangelistaS,
1471 1076 1624 1109 pastores
1652 1076 1684 1101 et
1708 1071 1876 1102 doctores.
1922 1070 2027 1104 Filius
2057 1073 2109 1104 dei
2133 1078 2183 1104 est

1201 1121 1348 1142 summus
1371 1113 1529 1142 sacerdos
1553 1118 1672 1144 vnctus
1696 1115 1736 1144 ab
1761 1121 1896 1145 aeterno
1920 1121 2029 1155 patre,
2053 1117 2126 1157 qui,
2148 1122 2184 1148 ut

1202 1164 1268 1185 non
1292 1153 1437 1186 funditus
1461 1155 1601 1186 intereat
1624 1154 1794 1194 Ecclesia,
1819 1158 1987 1188 ministros
2008 1157 2184 1200 Euangelij

1202 1198 1231 1228 ei
1255 1197 1413 1235 attribuit,
1439 1199 1555 1238 partim
1578 1209 1598 1229 a
1619 1208 1657 1229 se
1680 1199 1863 1231 immediate
1887 1206 2037 1239 vocatQS,
2062 1207 2097 1232 ut
2114 1212 2186 1242 pro-

1203 1240 1320 1281 phetas
1354 1246 1386 1271 et
1418 1240 1621 1280 Apostolos,
1654 1243 1772 1281 partim
1806 1243 1978 1274 vocatione
2003 1243 2079 1281 [fol.
2102 1243 2185 1282 59³]

1203 1283 1346 1314 humana
1374 1281 1511 1314 electos.
1556 1283 1640 1315 Nam
1670 1290 1702 1315 et
1721 1283 1884 1316 ecclesiae
1915 1284 2109 1318 electionem
2131 1287 2187 1318 ad-

1204 1326 1333 1367 probat,
1362 1331 1394 1356 et
1423 1326 1582 1358 immensa
1612 1328 1758 1358 bonitate
1787 1326 1909 1360 efficax
1935 1334 1987 1360 est
2015 1329 2111 1361 etiam
2134 1339 2187 1361 so—

1205 1373 1303 1399 nante
1332 1367 1516 1409 Euangelio
1549 1380 1609 1410 per
1632 1368 1758 1401 electos
1782 1369 1954 1413 suffragijs
1976 1377 2032 1402 aut
2054 1373 2188 1403 nomine

1208 1410 1393 1443 Ecclesiae.

1291 1453 1482 1487 Retinemus
1506 1455 1604 1496 igitur
1629 1461 1660 1487 et
1683 1456 1715 1487 in
1740 1455 1863 1487 nostris
1888 1455 2054 1496 Ecclesijs
2084 1455 2188 1498 pubii-

1207 1508 1280 1528 cum
1303 1499 1399 1529 ritnm
1423 1498 1652 1535 ordinationis,
1677 1509 1741 1540 quo
1765 1499 2014 1530 commendatur
2043 1499 2187 1531 ministe-

1205 1541 1288 1572 rium
1317 1539 1490 1583 Euangelij
1522 1541 1665 1579 viris⁹1>
1697 1541 1823 1579 electis,
1857 1551 1998 1583 quorum
2020 1551 2130 1573 mores
2153 1546 2188 1573 et

1206 1583 1388 1615 doctrinam
1419 1584 1510 1624 prius
1546 1583 1767 1625 exploramus.
1819 1583 1861 1614 Et
1884 1584 1924 1614 de
1948 1584 2107 1626 dignitate
2130 1585 2188 1615 mi·

1205 1627 1331 1668 nisterij
1377 1625 1520 1658 fideliter
1565 1627 1721 1659 docemus
1767 1626 1950 1664 Ecclesias,
1995 1625 2083 1657 Nihil
2123 1627 2188 1658 dici

1206 1670 1375 1706 maius92)
1408 1674 1529 1710 potest,
1562 1679 1658 1711 quam
1692 1671 1779 1711 quod
1805 1669 1892 1701 filius
1923 1669 1976 1701 dei
2008 1669 2187 1711 inquit‚⁹³)

1207 1712 1301 1745 Sicut
1327 1718 1422 1753 pater
1450 1722 1543 1744 meus
1567 1713 1654 1744 misit
1682 1724 1744 1751 me,
1769 1713 1817 1743 sic
1839 1722 1903 1755 ego
1919 1713 1971 1751 ⁹⁴)
1996 1713 2088 1744 mitto
2112 1722 2187 1744 vos.

1207 1868 1252 1898 83)
1273 1868 1434 1926 deldesisentia
1454 1872 1478 1891 et
1497 1869 1627 1891 voluntate
1647 1882 1679 1885 —
1697 1867 1890 1899 RedemptoreJ
1911 1867 1970 1892 haec
1981 1868 2043 1892 Mel.
2062 1868 2089 1892 in
2107 1875 2187 1900 mar-y.

1278 1911 1293 1925 α
1330 1902 1386 1926 iit.

1207 1945 1254 1976 84)
1274 1945 1341 1975 esse]
1361 1945 1398 1968 sie
1418 1952 1447 1968 ex
1466 1944 1528 1969 Mel.
1550 1944 1731 1974 emendatione,
1749 1944 1833 1969 scriba
1853 1945 1915 1969 enim
1933 1945 2082 1977 scripserat:
2102 1949 2141 1968 est

1207 1988 1253 2018 85)
1273 1987 1413 2019 inquiens‚]
1434 1987 1482 2011 Ed.
1503 1988 1526 2012 4.
1547 1988 1573 2011 ‘in
1590 1995 1684 2019 marq„
1702 1988 1781 2012 Editt.
1801 1988 1879 2012 5—7.
1904 1988 1930 2011 in
1954 1992 2023 2013 textu
2048 1987 2121 2012 add.:
2145 1987 2188 2012 Io-

1277 2022 1354 2045 hann.
1377 2023 1415 2046 18.

1207 2065 1253 2096 86)
1273 2069 1297 2088 et
1316 2065 1418 2096 quidem
1439 2064 1486 2087 hac
1512 2071 1574 2087 voce
1593 2077 1625 2082 —
1645 2065 1678 2088 ad
1703 2072 1731 2088 se
1756 2064 1904 2096 conuertit]
1931 2064 1990 2090 haec
2014 2064 2102 2094 verba,
2127 2071 2189 2096 quae

1275 2098 1297 2122 lz.
1323 2099 1337 2123 l.
1365 2100 1387 2122 in
1413 2098 1477 2122 Cod.
1504 2102 1526 2123 et
1551 2099 1631 2123 Editt.
1659 2099 1731 2122 1-3.
1757 2100 1781 2124 8.
1812 2099 1939 2131 leyuntur,
1970 2100 1996 2122 in
2021 2102 2079 2123 cett.
2104 2098 2186 2122 Editt.

1278 2133 1370 2157 desunt.

1207 2176 1251 2208 87)
1271 2176 1366 2200 habent
1383 2175 1518 2207 Episcopi]
1542 2176 1578 2199 sic
1602 2175 1671 2200 Cod.
1696 2179 1718 2200 et
1742 2175 1822 2200 Editt.
1843 2175 1917 2200 1-3.
1942 2176 1982 2205 8.;
2005 2178 2064 2200 cett.
2090 2175 2186 2199 Ecum:

1277 2211 1391 2242 episcopi
1411 2210 1508 2234 habent

1208 2254 1254 2285 88)
1274 2253 1374 2284 gladio]
1394 2254 1419 2276 in
1437 2253 1520 2277 Editt.
1542 2253 1616 2277 1—3.
1636 2253 1659 2276 8.
1680 2253 1751 2277 deest.

1208 2296 1254 2327 39)
1274 2293 1399 2328 Imperia]
1418 2296 1469 2319 Ed.
1489 2297 1512 2320 5.
1533 2299 1581 2328 lyp.
1602 2304 1665 2320 erra:
1685 2295 1797 2326 imperio

1207 2339 1255 2371 90)
1274 2340 1347 2363 iuxta
1365 2337 1448 2371 illud‚]
1468 2338 1516 2362 Ed.
1537 2339 1561 2363 4.
1587 2339 1612 2362 in
1630 2346 1723 2370 marg„
1747 2339 1797 2362 Ed.
1818 2337 1842 2361 6.
1868 2337 1890 2362 Ii.
1912 2339 1943 2366 l.‚
1970 2340 1993 2362 ee
2017 2337 2099 2362 Editt.
2118 2337 2141 2362 5.
2163 2337 2190 2362 7.

1272 2378 1328 2405 post
1346 2381 1425 2397 vocem
1446 2373 1575 2402 doctores,
1595 2374 1621 2396 in
1639 2376 1708 2397 textu
1727 2373 1832 2397 addunt:
1852 2372 1946 2404 Ephes.
1965 2373 1990 2396 4.

175 2412 221 2443 79)
240 2413 322 2436 sancti
341 2414 430 2445 etiam]
449 2415 485 2438 sic
503 2413 569 2438 Cod.
591 2418 613 2438 et
632 2415 713 2438 Editt.
736 2415 812 2439 1—3.
827 2415 866 2445 8.;
885 2419 944 2439 cett.
964 2415 1060 2440 Edita:
1080 2417 1155 2439 etiam
1180 2397 1185 2453 1
1207 2417 1255 2448 91)
1274 2416 1348 2448 viris]
1368 2416 1450 2439 Editt.
1470 2417 1493 2440 3.
1515 2417 1552 2441 8.:
1570 2417 1638 2440 veris

245 2448 327 2471 sani-ti

176 2489 220 2519 80)
241 2489 282 2520 eo]
302 2490 338 2513 sic
359 2490 442 2519 Cod.;
463 2498 531 2515 omn.
551 2492 651 2516 Editt.:
671 2499 760 2516 eorum

176 2531 221 2562 81)
243 2531 285 2562 ex]
306 2532 388 2557 Editt.
410 2533 485 2558 1-3.
506 2534 544 2558 8.:
565 2538 590 2558 ct

176 2573 221 2606 82)
240 2573 377 2608 Ecclesia]
398 2576 433 2600 sic
451 2576 532 2606 Cod.;
552 2584 621 2603 omn.
642 2578 740 2602 Edita:
760 2585 821 2603 vera
838 2577 968 2608 Ecclesia,

1208 2459 1254 2491 92)
1276 2460 1326 2483 dici
1345 2459 1438 2490 maius]
1458 2459 1540 2483 Editt.
1562 2459 1636 2483 1-3,
1655 2459 1695 2483 8.:
1714 2459 1797 2482 maius
1817 2458 1869 2482 dici

1208 2502 1253 2533 93)
1273 2501 1366 2533 inquit]
1386 2502 1433 2525 Ed.
1461 2502 1484 2526 4.
1505 2502 1530 2525 in
1553 2509 1648 2533 marq„
1672 2501 1752 2526 Editt.
1777 2501 1801 2525 6.
1827 2502 1850 2525 7.
1877 2501 1901 2525 in
1925 2503 1994 2529 textu
2018 2500 2123 2524 addunt:
2148 2498 2192 2523 10-

1278 2536 1355 2561 hana.
1376 2537 1431 2566 20„
1450 2537 1508 2561 item
1525 2535 1574 2561 Ed.
1594 2537 1633 2560 5.:
1652 2535 1725 2560 Ioan.
1745 2535 1770 2561 6.

1209 2578 1255 2610 94)
1276 2578 1336 2610 ego]
1356 2579 1436 2604 Editt.
1456 2580 1548 2604 ·i-7.:
1569 2582 1595 2603 et
1613 2586 1662 2610 ego
