<?xml version="1.0" encoding="UTF-8"?>
<!DOCTYPE html PUBLIC "-//W3C//DTD XHTML 1.0 Transitional//EN"
    "http://www.w3.org/TR/xhtml1/DTD/xhtml1-transitional.dtd">
<html xmlns="http://www.w3.org/1999/xhtml" xml:lang="en" lang="en">
 <head>
  <title>
</title>
<meta http-equiv="Content-Type" content="text/html;charset=utf-8" />
  <meta name='ocr-system' content='tesseract 3.04.00' />
  <meta name='ocr-capabilities' content='ocr_page ocr_carea ocr_par ocr_line ocrx_word'/>
</head>
<body>
  <div class='ocr_page' id='page_1' title='image "./operaquaesupersu28melauoft/operaquaesupersu28melauoft_0335.png"; bbox 0 0 2299 2921; ppageno 0'>
   <div class='ocr_carea' id='block_1_1' title="bbox 164 128 210 163">
    <p class='ocr_par' dir='ltr' id='par_1_1' title="bbox 164 128 210 163">
     <span class='ocr_line' id='line_1_1' title="bbox 164 128 210 163; baseline -0.022 0"><span class='ocrx_word' id='word_1_1' title='bbox 164 128 210 163; x_wconf 78' lang='lat'>49</span> 
     </span>
    </p>
   </div>
   <div class='ocr_carea' id='block_1_2' title="bbox 943 122 2169 156">
    <p class='ocr_par' dir='ltr' id='par_1_2' title="bbox 943 122 2169 156">
     <span class='ocr_line' id='line_1_2' title="bbox 943 122 2169 156; baseline 0 -1"><span class='ocrx_word' id='word_1_2' title='bbox 943 125 966 155; x_wconf 91' lang='grc' dir='ltr'>Ι.</span> <span class='ocrx_word' id='word_1_3' title='bbox 1011 123 1219 156; x_wconf 77' lang='lat' dir='ltr'>ANNALES</span> <span class='ocrx_word' id='word_1_4' title='bbox 1244 122 1389 155; x_wconf 84' lang='lat' dir='ltr'>VITAE.</span> <span class='ocrx_word' id='word_1_5' title='bbox 2125 122 2169 155; x_wconf 84' lang='lat'>50</span> 
     </span>
    </p>
   </div>
   <div class='ocr_carea' id='block_1_3' title="bbox 386 216 2174 2612">
    <p class='ocr_par' dir='ltr' id='par_1_3' title="bbox 386 216 2168 860">
     <span class='ocr_line' id='line_1_3' title="bbox 387 216 2168 258; baseline -0.003 -7"><span class='ocrx_word' id='word_1_6' title='bbox 387 223 605 253; x_wconf 79' lang='lat' dir='ltr'><strong>contradicente</strong></span> <span class='ocrx_word' id='word_1_7' title='bbox 635 225 760 258; x_wconf 87' lang='lat' dir='ltr'>reperta.</span> <span class='ocrx_word' id='word_1_8' title='bbox 806 219 898 248; x_wconf 88' lang='lat' dir='ltr'>Simul</span> <span class='ocrx_word' id='word_1_9' title='bbox 930 221 1016 248; x_wconf 85' lang='lat' dir='ltr'>etiam</span> <span class='ocrx_word' id='word_1_10' title='bbox 1045 220 1216 248; x_wconf 77' lang='lat' dir='ltr'>metuendae</span> <span class='ocrx_word' id='word_1_11' title='bbox 1243 219 1365 248; x_wconf 82' lang='lat' dir='ltr'>fuissent</span> <span class='ocrx_word' id='word_1_12' title='bbox 1392 218 1452 246; x_wconf 85' lang='lat' dir='ltr'>fere</span> <span class='ocrx_word' id='word_1_13' title='bbox 1478 218 1646 246; x_wconf 81' lang='lat' dir='ltr'>innumerae</span> <span class='ocrx_word' id='word_1_14' title='bbox 1674 217 1816 254; x_wconf 86' lang='lat' dir='ltr'>epistolae</span> <span class='ocrx_word' id='word_1_15' title='bbox 1838 217 1975 253; x_wconf 77' lang='lat' dir='ltr'>Lutheri,</span> <span class='ocrx_word' id='word_1_16' title='bbox 2006 216 2168 256; x_wconf 81' lang='lat' dir='ltr'>Cmcigeri,</span> 
     </span>
     <span class='ocr_line' id='line_1_4' title="bbox 388 261 2166 301; baseline -0.003 -7"><span class='ocrx_word' id='word_1_17' title='bbox 388 265 555 299; x_wconf 87' lang='lat' dir='ltr'>Pomerani,</span> <span class='ocrx_word' id='word_1_18' title='bbox 579 270 607 292; x_wconf 86' lang='lat' dir='ltr'>et</span> <span class='ocrx_word' id='word_1_19' title='bbox 631 264 769 298; x_wconf 85' lang='lat' dir='ltr'>aliorum,</span> <span class='ocrx_word' id='word_1_20' title='bbox 794 264 947 300; x_wconf 72' lang='lat' dir='ltr'>praecipue</span> <span class='ocrx_word' id='word_1_21' title='bbox 971 263 1237 301; x_wconf 86' lang='lat' dir='ltr'>Vitebergensium,</span> <span class='ocrx_word' id='word_1_22' title='bbox 1258 272 1295 290; x_wconf 85' lang='lat' dir='ltr'>ne</span> <span class='ocrx_word' id='word_1_23' title='bbox 1318 272 1353 290; x_wconf 88' lang='lat' dir='ltr'>ex</span> <span class='ocrx_word' id='word_1_24' title='bbox 1375 262 1411 289; x_wconf 87' lang='lat' dir='ltr'>iis</span> <span class='ocrx_word' id='word_1_25' title='bbox 1432 261 1584 295; x_wconf 80' lang='lat' dir='ltr'>doceatur,</span> <span class='ocrx_word' id='word_1_26' title='bbox 1606 261 1822 289; x_wconf 80' lang='lat' dir='ltr'>Melanthonem</span> <span class='ocrx_word' id='word_1_27' title='bbox 1847 261 1903 288; x_wconf 89' lang='lat' dir='ltr'>hoc</span> <span class='ocrx_word' id='word_1_28' title='bbox 1926 266 2056 298; x_wconf 87' lang='lat' dir='ltr'>tempore</span> <span class='ocrx_word' id='word_1_29' title='bbox 2077 261 2166 289; x_wconf 84' lang='lat' dir='ltr'>fuisse</span> 
     </span>
     <span class='ocr_line' id='line_1_5' title="bbox 387 304 2166 344; baseline -0.003 -8"><span class='ocrx_word' id='word_1_30' title='bbox 387 309 561 344; x_wconf 85' lang='lat' dir='ltr'>Vitebergae</span> <span class='ocrx_word' id='word_1_31' title='bbox 592 307 638 334; x_wconf 86' lang='lat' dir='ltr'>vel</span> <span class='ocrx_word' id='word_1_32' title='bbox 665 308 696 335; x_wconf 90' lang='lat' dir='ltr'>in</span> <span class='ocrx_word' id='word_1_33' title='bbox 717 305 854 334; x_wconf 82' lang='lat' dir='ltr'>Saxonia.</span> <span class='ocrx_word' id='word_1_34' title='bbox 899 305 973 340; x_wconf 83' lang='lat' dir='ltr'>Quis</span> <span class='ocrx_word' id='word_1_35' title='bbox 994 310 1090 334; x_wconf 88' lang='lat' dir='ltr'>autem</span> <span class='ocrx_word' id='word_1_36' title='bbox 1113 311 1208 343; x_wconf 89' lang='lat' dir='ltr'>putet,</span> <span class='ocrx_word' id='word_1_37' title='bbox 1236 306 1423 343; x_wconf 81' lang='lat' dir='ltr'><strong>impostorem</strong></span> <span class='ocrx_word' id='word_1_38' title='bbox 1447 308 1559 331; x_wconf 84' lang='lat' dir='ltr'>tantum</span> <span class='ocrx_word' id='word_1_39' title='bbox 1583 304 1669 331; x_wconf 85' lang='lat' dir='ltr'>studii</span> <span class='ocrx_word' id='word_1_40' title='bbox 1692 304 1867 341; x_wconf 73' lang='lat' dir='ltr'>impendisse</span> <span class='ocrx_word' id='word_1_41' title='bbox 1890 304 1920 331; x_wconf 90' lang='lat' dir='ltr'>in</span> <span class='ocrx_word' id='word_1_42' title='bbox 1944 304 2083 341; x_wconf 72' lang='lat' dir='ltr'>epistolas</span> <span class='ocrx_word' id='word_1_43' title='bbox 2108 304 2166 331; x_wconf 77' lang='lat' dir='ltr'>Me-</span> 
     </span>
     <span class='ocr_line' id='line_1_6' title="bbox 387 346 2166 388; baseline -0.002 -10"><span class='ocrx_word' id='word_1_44' title='bbox 387 351 535 380; x_wconf 86' lang='lat' dir='ltr'>lanthonis</span> <span class='ocrx_word' id='word_1_45' title='bbox 557 350 655 388; x_wconf 84' lang='lat' dir='ltr'>potius</span> <span class='ocrx_word' id='word_1_46' title='bbox 679 359 765 387; x_wconf 90' lang='lat' dir='ltr'>quam</span> <span class='ocrx_word' id='word_1_47' title='bbox 785 349 859 377; x_wconf 82' lang='lat' dir='ltr'>alius</span> <span class='ocrx_word' id='word_1_48' title='bbox 879 349 1004 377; x_wconf 88' lang='lat' dir='ltr'>hominis</span> <span class='ocrx_word' id='word_1_49' title='bbox 1023 359 1137 383; x_wconf 81' lang='lat' dir='ltr'>nomen,</span> <span class='ocrx_word' id='word_1_50' title='bbox 1161 349 1190 376; x_wconf 92' lang='lat' dir='ltr'>in</span> <span class='ocrx_word' id='word_1_51' title='bbox 1211 358 1269 386; x_wconf 90' lang='lat' dir='ltr'>quo</span> <span class='ocrx_word' id='word_1_52' title='bbox 1289 347 1428 376; x_wconf 91' lang='lat' dir='ltr'>eiusmodi</span> <span class='ocrx_word' id='word_1_53' title='bbox 1447 347 1605 374; x_wconf 82' lang='lat' dir='ltr'>difficultas</span> <span class='ocrx_word' id='word_1_54' title='bbox 1624 356 1682 374; x_wconf 90' lang='lat' dir='ltr'>non</span> <span class='ocrx_word' id='word_1_55' title='bbox 1703 351 1786 381; x_wconf 69' lang='lat' dir='ltr'>esst-t,</span> <span class='ocrx_word' id='word_1_56' title='bbox 1810 347 2020 383; x_wconf 69' lang='lat' dir='ltr'>adscripsisse?</span> <span class='ocrx_word' id='word_1_57' title='bbox 2054 346 2166 382; x_wconf 85' lang='lat' dir='ltr'><strong>Quodsi</strong></span> 
     </span>
     <span class='ocr_line' id='line_1_7' title="bbox 386 389 2166 430; baseline -0.003 -8"><span class='ocrx_word' id='word_1_58' title='bbox 386 398 482 422; x_wconf 88' lang='lat' dir='ltr'>autem</span> <span class='ocrx_word' id='word_1_59' title='bbox 507 393 658 430; x_wconf 83' lang='lat' dir='ltr'>impostori</span> <span class='ocrx_word' id='word_1_60' title='bbox 687 393 789 429; x_wconf 86' lang='lat' dir='ltr'>ignota</span> <span class='ocrx_word' id='word_1_61' title='bbox 811 392 865 419; x_wconf 85' lang='lat' dir='ltr'>fuit</span> <span class='ocrx_word' id='word_1_62' title='bbox 887 393 961 420; x_wconf 85' lang='lat' dir='ltr'>ratio</span> <span class='ocrx_word' id='word_1_63' title='bbox 985 392 1174 429; x_wconf 83' lang='lat' dir='ltr'>epistolarum</span> <span class='ocrx_word' id='word_1_64' title='bbox 1194 391 1406 425; x_wconf 89' lang='lat' dir='ltr'>Melanthonis,</span> <span class='ocrx_word' id='word_1_65' title='bbox 1438 394 1467 417; x_wconf 86' lang='lat' dir='ltr'>et</span> <span class='ocrx_word' id='word_1_66' title='bbox 1491 389 1541 418; x_wconf 89' lang='lat' dir='ltr'>ille</span> <span class='ocrx_word' id='word_1_67' title='bbox 1568 394 1675 417; x_wconf 88' lang='lat' dir='ltr'>temere</span> <span class='ocrx_word' id='word_1_68' title='bbox 1703 389 1789 417; x_wconf 80' lang='lat' dir='ltr'>finxit</span> <span class='ocrx_word' id='word_1_69' title='bbox 1817 394 1906 417; x_wconf 88' lang='lat' dir='ltr'>totam</span> <span class='ocrx_word' id='word_1_70' title='bbox 1936 399 2011 424; x_wconf 82' lang='lat' dir='ltr'>rem,</span> <span class='ocrx_word' id='word_1_71' title='bbox 2038 389 2166 426; x_wconf 86' lang='lat' dir='ltr'>profecto</span> 
     </span>
     <span class='ocr_line' id='line_1_8' title="bbox 386 432 2166 472; baseline -0.003 -8"><span class='ocrx_word' id='word_1_72' title='bbox 386 437 549 465; x_wconf 88' lang='lat' dir='ltr'>mirandum</span> <span class='ocrx_word' id='word_1_73' title='bbox 579 439 637 472; x_wconf 88' lang='lat' dir='ltr'>est,</span> <span class='ocrx_word' id='word_1_74' title='bbox 666 436 741 462; x_wconf 85' lang='lat' dir='ltr'>hanc</span> <span class='ocrx_word' id='word_1_75' title='bbox 768 435 957 462; x_wconf 72' lang='lat' dir='ltr'>temeritatem</span> <span class='ocrx_word' id='word_1_76' title='bbox 986 434 1062 462; x_wconf 81' lang='lat' dir='ltr'>felici</span> <span class='ocrx_word' id='word_1_77' title='bbox 1089 444 1157 462; x_wconf 82' lang='lat' dir='ltr'>casu</span> <span class='ocrx_word' id='word_1_78' title='bbox 1185 436 1215 462; x_wconf 87' lang='lat' dir='ltr'>iu</span> <span class='ocrx_word' id='word_1_79' title='bbox 1243 435 1319 462; x_wconf 91' lang='lat' dir='ltr'>hunc</span> <span class='ocrx_word' id='word_1_80' title='bbox 1347 442 1455 461; x_wconf 89' lang='lat' dir='ltr'>annum</span> <span class='ocrx_word' id='word_1_81' title='bbox 1485 437 1513 460; x_wconf 89' lang='lat' dir='ltr'>et</span> <span class='ocrx_word' id='word_1_82' title='bbox 1543 442 1669 460; x_wconf 83' lang='lat' dir='ltr'>mensem</span> <span class='ocrx_word' id='word_1_83' title='bbox 1700 432 1853 463; x_wconf 67' lang='lat' dir='ltr'>incidisse,</span> <span class='ocrx_word' id='word_1_84' title='bbox 1888 432 1936 459; x_wconf 91' lang='lat' dir='ltr'>ubi</span> <span class='ocrx_word' id='word_1_85' title='bbox 1964 441 2066 460; x_wconf 81' lang='lat' dir='ltr'>revera</span> <span class='ocrx_word' id='word_1_86' title='bbox 2088 441 2166 460; x_wconf 89' lang='lat' dir='ltr'>nunc</span> 
     </span>
     <span class='ocr_line' id='line_1_9' title="bbox 387 475 2165 517; baseline -0.003 -10"><span class='ocrx_word' id='word_1_87' title='bbox 387 480 572 517; x_wconf 82' lang='lat' dir='ltr'>cognoscitur</span> <span class='ocrx_word' id='word_1_88' title='bbox 594 479 699 506; x_wconf 82' lang='lat' dir='ltr'>lacuna</span> <span class='ocrx_word' id='word_1_89' title='bbox 722 478 751 505; x_wconf 89' lang='lat' dir='ltr'>in</span> <span class='ocrx_word' id='word_1_90' title='bbox 775 478 876 505; x_wconf 82' lang='lat' dir='ltr'>ordine</span> <span class='ocrx_word' id='word_1_91' title='bbox 895 477 1090 514; x_wconf 83' lang='lat' dir='ltr'>epistolarum,</span> <span class='ocrx_word' id='word_1_92' title='bbox 1114 487 1187 514; x_wconf 86' lang='lat' dir='ltr'>quae</span> <span class='ocrx_word' id='word_1_93' title='bbox 1207 477 1348 505; x_wconf 90' lang='lat' dir='ltr'>eiusmodi</span> <span class='ocrx_word' id='word_1_94' title='bbox 1368 476 1464 504; x_wconf 89' lang='lat' dir='ltr'>itineri</span> <span class='ocrx_word' id='word_1_95' title='bbox 1483 476 1627 503; x_wconf 86' lang='lat' dir='ltr'>convenit.</span> <span class='ocrx_word' id='word_1_96' title='bbox 1662 475 1767 512; x_wconf 82' lang='lat' dir='ltr'>Neque</span> <span class='ocrx_word' id='word_1_97' title='bbox 1792 484 1859 503; x_wconf 75' lang='lat' dir='ltr'>vero</span> <span class='ocrx_word' id='word_1_98' title='bbox 1878 475 2048 512; x_wconf 68' lang='lat' dir='ltr'>intelligitur</span> <span class='ocrx_word' id='word_1_99' title='bbox 2068 484 2165 510; x_wconf 82' lang='lat' dir='ltr'>causa,</span> 
     </span>
     <span class='ocr_line' id='line_1_10' title="bbox 387 518 2166 557; baseline -0.003 -6"><span class='ocrx_word' id='word_1_100' title='bbox 387 532 438 551; x_wconf 88' lang='lat' dir='ltr'>cur</span> <span class='ocrx_word' id='word_1_101' title='bbox 457 533 493 551; x_wconf 84' lang='lat' dir='ltr'>ex</span> <span class='ocrx_word' id='word_1_102' title='bbox 517 522 616 550; x_wconf 90' lang='lat' dir='ltr'>multis</span> <span class='ocrx_word' id='word_1_103' title='bbox 640 521 814 555; x_wconf 79' lang='lat' dir='ltr'>nominibus,</span> <span class='ocrx_word' id='word_1_104' title='bbox 839 520 944 557; x_wconf 89' lang='lat' dir='ltr'>quibus</span> <span class='ocrx_word' id='word_1_105' title='bbox 966 520 1107 556; x_wconf 83' lang='lat' dir='ltr'>impostor</span> <span class='ocrx_word' id='word_1_106' title='bbox 1126 521 1267 557; x_wconf 88' lang='lat' dir='ltr'>potuisset</span> <span class='ocrx_word' id='word_1_107' title='bbox 1286 520 1337 554; x_wconf 89' lang='lat' dir='ltr'>uti,</span> <span class='ocrx_word' id='word_1_108' title='bbox 1360 519 1558 546; x_wconf 85' lang='lat' dir='ltr'>Melanthonis</span> <span class='ocrx_word' id='word_1_109' title='bbox 1577 528 1682 546; x_wconf 89' lang='lat' dir='ltr'>nomen</span> <span class='ocrx_word' id='word_1_110' title='bbox 1702 518 1830 554; x_wconf 80' lang='lat' dir='ltr'>elegerit,</span> <span class='ocrx_word' id='word_1_111' title='bbox 1854 522 1881 545; x_wconf 91' lang='lat' dir='ltr'>et</span> <span class='ocrx_word' id='word_1_112' title='bbox 1900 518 2079 545; x_wconf 76' lang='lat' dir='ltr'>mendacium</span> <span class='ocrx_word' id='word_1_113' title='bbox 2100 527 2166 555; x_wconf 92' lang='lat' dir='ltr'>pro-</span> 
     </span>
     <span class='ocr_line' id='line_1_11' title="bbox 390 560 2166 598; baseline -0.003 -5"><span class='ocrx_word' id='word_1_114' title='bbox 390 566 489 593; x_wconf 86' lang='lat' dir='ltr'>tulerit</span> <span class='ocrx_word' id='word_1_115' title='bbox 515 565 550 593; x_wconf 90' lang='lat' dir='ltr'>de</span> <span class='ocrx_word' id='word_1_116' title='bbox 573 565 706 598; x_wconf 91' lang='lat' dir='ltr'>homine,</span> <span class='ocrx_word' id='word_1_117' title='bbox 733 564 815 591; x_wconf 91' lang='lat' dir='ltr'>cuius</span> <span class='ocrx_word' id='word_1_118' title='bbox 836 564 895 590; x_wconf 80' lang='lat' dir='ltr'>vita</span> <span class='ocrx_word' id='word_1_119' title='bbox 922 568 963 590; x_wconf 88' lang='lat' dir='ltr'>tot</span> <span class='ocrx_word' id='word_1_120' title='bbox 988 563 1056 590; x_wconf 89' lang='lat' dir='ltr'>viris</span> <span class='ocrx_word' id='word_1_121' title='bbox 1077 563 1170 591; x_wconf 90' lang='lat' dir='ltr'>doctis</span> <span class='ocrx_word' id='word_1_122' title='bbox 1193 568 1237 590; x_wconf 80' lang='lat' dir='ltr'>est</span> <span class='ocrx_word' id='word_1_123' title='bbox 1258 568 1336 597; x_wconf 82' lang='lat' dir='ltr'>nota,</span> <span class='ocrx_word' id='word_1_124' title='bbox 1361 567 1388 590; x_wconf 84' lang='lat' dir='ltr'>et</span> <span class='ocrx_word' id='word_1_125' title='bbox 1411 562 1446 589; x_wconf 91' lang='lat' dir='ltr'>de</span> <span class='ocrx_word' id='word_1_126' title='bbox 1469 571 1525 598; x_wconf 91' lang='lat' dir='ltr'>quo</span> <span class='ocrx_word' id='word_1_127' title='bbox 1549 561 1662 589; x_wconf 82' lang='lat' dir='ltr'>mentiri</span> <span class='ocrx_word' id='word_1_128' title='bbox 1681 565 1739 588; x_wconf 85' lang='lat' dir='ltr'>tam</span> <span class='ocrx_word' id='word_1_129' title='bbox 1764 560 1958 598; x_wconf 83' lang='lat' dir='ltr'>periculosum</span> <span class='ocrx_word' id='word_1_130' title='bbox 1983 565 2034 588; x_wconf 86' lang='lat' dir='ltr'>est.</span> <span class='ocrx_word' id='word_1_131' title='bbox 2079 560 2166 588; x_wconf 81' lang='lat' dir='ltr'>Dicat</span> 
     </span>
     <span class='ocr_line' id='line_1_12' title="bbox 388 603 2164 646; baseline -0.003 -10"><span class='ocrx_word' id='word_1_132' title='bbox 388 609 508 646; x_wconf 87' lang='lat' dir='ltr'>aliquis,</span> <span class='ocrx_word' id='word_1_133' title='bbox 538 607 618 635; x_wconf 90' lang='lat' dir='ltr'>illum</span> <span class='ocrx_word' id='word_1_134' title='bbox 647 606 774 634; x_wconf 88' lang='lat' dir='ltr'>voluisse</span> <span class='ocrx_word' id='word_1_135' title='bbox 803 606 932 633; x_wconf 85' lang='lat' dir='ltr'>ordinem</span> <span class='ocrx_word' id='word_1_136' title='bbox 962 605 1212 634; x_wconf 69' lang='lat' dir='ltr'>Cementariorum</span> <span class='ocrx_word' id='word_1_137' title='bbox 1238 605 1363 643; x_wconf 86' lang='lat' dir='ltr'>gloriola</span> <span class='ocrx_word' id='word_1_138' title='bbox 1386 605 1483 641; x_wconf 84' lang='lat' dir='ltr'>magni</span> <span class='ocrx_word' id='word_1_139' title='bbox 1512 604 1637 632; x_wconf 88' lang='lat' dir='ltr'>nominis</span> <span class='ocrx_word' id='word_1_140' title='bbox 1665 613 1777 631; x_wconf 85' lang='lat' dir='ltr'>ornare.</span> <span class='ocrx_word' id='word_1_141' title='bbox 1824 605 1862 631; x_wconf 83' lang='lat' dir='ltr'>At</span> <span class='ocrx_word' id='word_1_142' title='bbox 1891 604 1915 631; x_wconf 91' lang='lat' dir='ltr'>si</span> <span class='ocrx_word' id='word_1_143' title='bbox 1939 603 1993 631; x_wconf 85' lang='lat' dir='ltr'>hoc</span> <span class='ocrx_word' id='word_1_144' title='bbox 2018 603 2164 638; x_wconf 80' lang='lat' dir='ltr'>voluisset,</span> 
     </span>
     <span class='ocr_line' id='line_1_13' title="bbox 387 646 2165 688; baseline -0.003 -9"><span class='ocrx_word' id='word_1_145' title='bbox 387 661 446 680; x_wconf 90' lang='lat' dir='ltr'>non</span> <span class='ocrx_word' id='word_1_146' title='bbox 464 650 673 688; x_wconf 80' lang='lat' dir='ltr'>intelligeretur</span> <span class='ocrx_word' id='word_1_147' title='bbox 696 659 747 678; x_wconf 86' lang='lat' dir='ltr'>cnr</span> <span class='ocrx_word' id='word_1_148' title='bbox 769 649 983 677; x_wconf 86' lang='lat' dir='ltr'>Melanthonem</span> <span class='ocrx_word' id='word_1_149' title='bbox 1003 649 1095 676; x_wconf 86' lang='lat' dir='ltr'>solum</span> <span class='ocrx_word' id='word_1_150' title='bbox 1119 658 1211 686; x_wconf 86' lang='lat' dir='ltr'>neque</span> <span class='ocrx_word' id='word_1_151' title='bbox 1234 649 1306 676; x_wconf 88' lang='lat' dir='ltr'>alios</span> <span class='ocrx_word' id='word_1_152' title='bbox 1331 648 1417 675; x_wconf 81' lang='lat' dir='ltr'>etiam</span> <span class='ocrx_word' id='word_1_153' title='bbox 1440 647 1628 681; x_wconf 79' lang='lat' dir='ltr'>nominasset,</span> <span class='ocrx_word' id='word_1_154' title='bbox 1652 651 1679 674; x_wconf 85' lang='lat' dir='ltr'>et</span> <span class='ocrx_word' id='word_1_155' title='bbox 1701 656 1752 675; x_wconf 90' lang='lat' dir='ltr'>cur</span> <span class='ocrx_word' id='word_1_156' title='bbox 1772 647 1802 674; x_wconf 91' lang='lat' dir='ltr'>in</span> <span class='ocrx_word' id='word_1_157' title='bbox 1820 646 2050 674; x_wconf 78' lang='lat' dir='ltr'>moderatoribus</span> <span class='ocrx_word' id='word_1_158' title='bbox 2073 646 2165 674; x_wconf 87' lang='lat' dir='ltr'>taber-</span> 
     </span>
     <span class='ocr_line' id='line_1_14' title="bbox 387 688 2166 729; baseline -0.003 -7"><span class='ocrx_word' id='word_1_159' title='bbox 387 694 557 722; x_wconf 87' lang='lat' dir='ltr'>naculorum</span> <span class='ocrx_word' id='word_1_160' title='bbox 588 693 673 720; x_wconf 84' lang='lat' dir='ltr'>etiam</span> <span class='ocrx_word' id='word_1_161' title='bbox 703 693 820 720; x_wconf 88' lang='lat' dir='ltr'>nomina</span> <span class='ocrx_word' id='word_1_162' title='bbox 849 701 968 729; x_wconf 88' lang='lat' dir='ltr'>prorsus</span> <span class='ocrx_word' id='word_1_163' title='bbox 997 692 1113 728; x_wconf 84' lang='lat' dir='ltr'>ignota,</span> <span class='ocrx_word' id='word_1_164' title='bbox 1145 695 1177 719; x_wconf 92' lang='lat' dir='ltr'>ut</span> <span class='ocrx_word' id='word_1_165' title='bbox 1205 691 1424 725; x_wconf 87' lang='lat' dir='ltr'>Hofmanni,</span> <span class='ocrx_word' id='word_1_166' title='bbox 1461 688 1701 723; x_wconf 86' lang='lat' dir='ltr'>Schroederi,</span> <span class='ocrx_word' id='word_1_167' title='bbox 1735 689 1895 724; x_wconf 82' lang='lat' dir='ltr'>Falckii,</span> <span class='ocrx_word' id='word_1_168' title='bbox 1924 689 2108 726; x_wconf 88' lang='lat' dir='ltr'>Heysseni</span> <span class='ocrx_word' id='word_1_169' title='bbox 2138 694 2166 716; x_wconf 88' lang='lat' dir='ltr'>et</span> 
     </span>
     <span class='ocr_line' id='line_1_15' title="bbox 387 732 2164 774; baseline -0.003 -10"><span class='ocrx_word' id='word_1_170' title='bbox 387 737 509 765; x_wconf 89' lang='lat' dir='ltr'>aliorum</span> <span class='ocrx_word' id='word_1_171' title='bbox 539 736 682 774; x_wconf 81' lang='lat' dir='ltr'>legantur.</span> <span class='ocrx_word' id='word_1_172' title='bbox 740 735 843 772; x_wconf 83' lang='lat' dir='ltr'>Neque</span> <span class='ocrx_word' id='word_1_173' title='bbox 873 735 1050 762; x_wconf 85' lang='lat' dir='ltr'>Albertus</span> <span class='ocrx_word' id='word_1_174' title='bbox 1072 734 1380 771; x_wconf 84' lang='lat' dir='ltr'>Hardenbergius</span> <span class='ocrx_word' id='word_1_175' title='bbox 1404 738 1431 760; x_wconf 85' lang='lat' dir='ltr'>et</span> <span class='ocrx_word' id='word_1_176' title='bbox 1454 733 1607 760; x_wconf 87' lang='lat' dir='ltr'>Iacobus</span> <span class='ocrx_word' id='word_1_177' title='bbox 1634 733 1813 761; x_wconf 83' lang='lat' dir='ltr'>Probesta</span> <span class='ocrx_word' id='word_1_178' title='bbox 1837 737 1895 760; x_wconf 87' lang='lat' dir='ltr'>tam</span> <span class='ocrx_word' id='word_1_179' title='bbox 1919 732 2063 769; x_wconf 83' lang='lat' dir='ltr'>ignobiles</span> <span class='ocrx_word' id='word_1_180' title='bbox 2087 736 2164 767; x_wconf 85' lang='lat' dir='ltr'>sunt,</span> 
     </span>
     <span class='ocr_line' id='line_1_16' title="bbox 387 774 2166 814; baseline -0.003 -6"><span class='ocrx_word' id='word_1_181' title='bbox 387 784 418 808; x_wconf 93' lang='lat' dir='ltr'>ut</span> <span class='ocrx_word' id='word_1_182' title='bbox 446 780 630 807; x_wconf 80' lang='lat' dir='ltr'>temerarium</span> <span class='ocrx_word' id='word_1_183' title='bbox 659 788 718 806; x_wconf 92' lang='lat' dir='ltr'>non</span> <span class='ocrx_word' id='word_1_184' title='bbox 750 779 787 806; x_wconf 83' lang='lat' dir='ltr'>sit</span> <span class='ocrx_word' id='word_1_185' title='bbox 815 779 849 805; x_wconf 83' lang='lat' dir='ltr'>de</span> <span class='ocrx_word' id='word_1_186' title='bbox 870 777 928 806; x_wconf 88' lang='lat' dir='ltr'>illis</span> <span class='ocrx_word' id='word_1_187' title='bbox 952 777 1081 810; x_wconf 90' lang='lat' dir='ltr'>mentiri,</span> <span class='ocrx_word' id='word_1_188' title='bbox 1112 786 1206 814; x_wconf 89' lang='lat' dir='ltr'>neque</span> <span class='ocrx_word' id='word_1_189' title='bbox 1232 787 1300 805; x_wconf 88' lang='lat' dir='ltr'>vero</span> <span class='ocrx_word' id='word_1_190' title='bbox 1330 776 1414 804; x_wconf 87' lang='lat' dir='ltr'>etiam</span> <span class='ocrx_word' id='word_1_191' title='bbox 1442 781 1501 803; x_wconf 88' lang='lat' dir='ltr'>tam</span> <span class='ocrx_word' id='word_1_192' title='bbox 1523 775 1666 807; x_wconf 80' lang='lat' dir='ltr'>illustres,</span> <span class='ocrx_word' id='word_1_193' title='bbox 1696 779 1727 803; x_wconf 86' lang='lat' dir='ltr'>ut·</span> <span class='ocrx_word' id='word_1_194' title='bbox 1750 785 1787 803; x_wconf 76' lang='lat' dir='ltr'>ex</span> <span class='ocrx_word' id='word_1_195' title='bbox 1811 785 1909 803; x_wconf 86' lang='lat' dir='ltr'>eorum</span> <span class='ocrx_word' id='word_1_196' title='bbox 1934 775 2051 803; x_wconf 89' lang='lat' dir='ltr'>nomine</span> <span class='ocrx_word' id='word_1_197' title='bbox 2073 774 2166 812; x_wconf 87' lang='lat' dir='ltr'>gloria</span> 
     </span>
     <span class='ocr_line' id='line_1_17' title="bbox 387 818 1186 860; baseline -0.004 -10"><span class='ocrx_word' id='word_1_198' title='bbox 387 823 528 860; x_wconf 85' lang='lat' dir='ltr'>quaedam</span> <span class='ocrx_word' id='word_1_199' title='bbox 550 823 693 850; x_wconf 85' lang='lat' dir='ltr'>redundet</span> <span class='ocrx_word' id='word_1_200' title='bbox 715 822 750 849; x_wconf 83' lang='lat' dir='ltr'>ad</span> <span class='ocrx_word' id='word_1_201' title='bbox 774 821 903 848; x_wconf 87' lang='lat' dir='ltr'>ordinem</span> <span class='ocrx_word' id='word_1_202' title='bbox 927 818 1186 848; x_wconf 88' lang='lat' dir='ltr'>Cementariorum.</span> 
     </span>
    </p>

    <p class='ocr_par' dir='ltr' id='par_1_4' title="bbox 386 861 2168 1457">
     <span class='ocr_line' id='line_1_18' title="bbox 433 861 2162 900; baseline -0.003 -7"><span class='ocrx_word' id='word_1_203' title='bbox 433 866 553 894; x_wconf 81' lang='lat' dir='ltr'>Accedit</span> <span class='ocrx_word' id='word_1_204' title='bbox 583 865 668 892; x_wconf 89' lang='lat' dir='ltr'>aliud.</span> <span class='ocrx_word' id='word_1_205' title='bbox 714 865 747 891; x_wconf 92' lang='lat' dir='ltr'>In</span> <span class='ocrx_word' id='word_1_206' title='bbox 777 863 827 891; x_wconf 91' lang='lat' dir='ltr'>illo</span> <span class='ocrx_word' id='word_1_207' title='bbox 855 863 963 900; x_wconf 84' lang='lat' dir='ltr'>scripto</span> <span class='ocrx_word' id='word_1_208' title='bbox 985 861 1235 890; x_wconf 73' lang='lat' dir='ltr'>cementariorum</span> <span class='ocrx_word' id='word_1_209' title='bbox 1265 862 1403 889; x_wconf 86' lang='lat' dir='ltr'>Albertus</span> <span class='ocrx_word' id='word_1_210' title='bbox 1426 861 1664 897; x_wconf 86' lang='lat' dir='ltr'>Hardenbergius</span> <span class='ocrx_word' id='word_1_211' title='bbox 1693 861 1798 888; x_wconf 90' lang='lat' dir='ltr'>dicitur</span> <span class='ocrx_word' id='word_1_212' title='bbox 1828 861 1965 898; x_wconf 86' lang='lat' dir='ltr'>magister</span> <span class='ocrx_word' id='word_1_213' title='bbox 1994 861 2162 896; x_wconf 84' lang='lat' dir='ltr'>mansionis,</span> 
     </span>
     <span class='ocr_line' id='line_1_19' title="bbox 388 903 2164 946; baseline -0.003 -10"><span class='ocrx_word' id='word_1_214' title='bbox 388 918 462 946; x_wconf 88' lang='lat' dir='ltr'>quae</span> <span class='ocrx_word' id='word_1_215' title='bbox 493 913 535 936; x_wconf 91' lang='lat' dir='ltr'>est</span> <span class='ocrx_word' id='word_1_216' title='bbox 557 907 706 935; x_wconf 85' lang='lat' dir='ltr'>Fabirai</span> <span class='ocrx_word' id='word_1_217' title='bbox 727 916 749 934; x_wconf 90' lang='lat' dir='ltr'>s.</span> <span class='ocrx_word' id='word_1_218' title='bbox 770 906 961 940; x_wconf 83' lang='lat' dir='ltr'>Fabirani,</span> <span class='ocrx_word' id='word_1_219' title='bbox 990 906 1008 934; x_wconf 92' lang='lat' dir='ltr'>i.</span> <span class='ocrx_word' id='word_1_220' title='bbox 1035 915 1058 932; x_wconf 85' lang='lat' dir='ltr'>e.</span> <span class='ocrx_word' id='word_1_221' title='bbox 1078 905 1211 932; x_wconf 87' lang='lat' dir='ltr'>Bremae.</span> <span class='ocrx_word' id='word_1_222' title='bbox 1262 904 1361 932; x_wconf 77' lang='lat' dir='ltr'>Liberi</span> <span class='ocrx_word' id='word_1_223' title='bbox 1384 903 1577 936; x_wconf 60' lang='lat' dir='ltr'>Cementarii.v</span> <span class='ocrx_word' id='word_1_224' title='bbox 1607 904 1655 940; x_wconf 79' lang='lat' dir='ltr'>qui</span> <span class='ocrx_word' id='word_1_225' title='bbox 1682 913 1758 931; x_wconf 92' lang='lat' dir='ltr'>nunc</span> <span class='ocrx_word' id='word_1_226' title='bbox 1783 908 1864 938; x_wconf 86' lang='lat' dir='ltr'>sunt,</span> <span class='ocrx_word' id='word_1_227' title='bbox 1893 904 2065 940; x_wconf 78' lang='lat' dir='ltr'>ignorarunt</span> <span class='ocrx_word' id='word_1_228' title='bbox 2088 912 2164 941; x_wconf 87' lang='lat' dir='ltr'>quae</span> 
     </span>
     <span class='ocr_line' id='line_1_20' title="bbox 388 945 2163 985; baseline -0.003 -6"><span class='ocrx_word' id='word_1_229' title='bbox 388 951 545 979; x_wconf 73' lang='lat' dir='ltr'>Fabiraum</span> <span class='ocrx_word' id='word_1_230' title='bbox 569 951 604 978; x_wconf 90' lang='lat' dir='ltr'>sit</span> <span class='ocrx_word' id='word_1_231' title='bbox 628 950 704 978; x_wconf 91' lang='lat' dir='ltr'>urbs.</span> <span class='ocrx_word' id='word_1_232' title='bbox 751 949 810 977; x_wconf 83' lang='lat' dir='ltr'>Res</span> <span class='ocrx_word' id='word_1_233' title='bbox 833 958 901 976; x_wconf 83' lang='lat' dir='ltr'>vero</span> <span class='ocrx_word' id='word_1_234' title='bbox 925 948 1087 985; x_wconf 85' lang='lat' dir='ltr'>explicatur</span> <span class='ocrx_word' id='word_1_235' title='bbox 1111 956 1147 975; x_wconf 84' lang='lat' dir='ltr'>ex</span> <span class='ocrx_word' id='word_1_236' title='bbox 1170 947 1291 975; x_wconf 81' lang='lat' dir='ltr'>historia</span> <span class='ocrx_word' id='word_1_237' title='bbox 1314 947 1454 974; x_wconf 81' lang='lat' dir='ltr'>litteraria</span> <span class='ocrx_word' id='word_1_238' title='bbox 1476 955 1533 974; x_wconf 89' lang='lat' dir='ltr'>sec.</span> <span class='ocrx_word' id='word_1_239' title='bbox 1552 946 1636 973; x_wconf 83' lang='lat' dir='ltr'><strong>XVI.</strong></span> <span class='ocrx_word' id='word_1_240' title='bbox 1677 945 1892 975; x_wconf 81' lang='lat' dir='ltr'>Commemorat</span> <span class='ocrx_word' id='word_1_241' title='bbox 1911 946 2096 975; x_wconf 78' lang='lat' dir='ltr'>Ptolemaeus</span> <span class='ocrx_word' id='word_1_242' title='bbox 2114 946 2163 974; x_wconf 93' lang='lat' dir='ltr'>lib.</span> 
     </span>
     <span class='ocr_line' id='line_1_21' title="bbox 388 989 2164 1030; baseline -0.003 -8"><span class='ocrx_word' id='word_1_243' title='bbox 388 994 428 1029; x_wconf 91' lang='lat'>11,</span> <span class='ocrx_word' id='word_1_244' title='bbox 450 1003 474 1022; x_wconf 93' lang='lat' dir='ltr'>c.</span> <span class='ocrx_word' id='word_1_245' title='bbox 492 996 538 1022; x_wconf 91' lang='grc'>11.</span> <span class='ocrx_word' id='word_1_246' title='bbox 561 993 647 1021; x_wconf 90' lang='lat' dir='ltr'>urbes</span> <span class='ocrx_word' id='word_1_247' title='bbox 671 997 699 1019; x_wconf 85' lang='lat' dir='ltr'>et</span> <span class='ocrx_word' id='word_1_248' title='bbox 720 1001 812 1030; x_wconf 80' lang='lat' dir='ltr'>pagos</span> <span class='ocrx_word' id='word_1_249' title='bbox 825 990 1001 1019; x_wconf 78' lang='lat' dir='ltr'>Germaniae</span> <span class='ocrx_word' id='word_1_250' title='bbox 1021 990 1267 1028; x_wconf 83' lang='lat' dir='ltr'>septentrionalis,</span> <span class='ocrx_word' id='word_1_251' title='bbox 1292 995 1318 1017; x_wconf 84' lang='lat' dir='ltr'>et</span> <span class='ocrx_word' id='word_1_252' title='bbox 1341 990 1371 1017; x_wconf 87' lang='lat' dir='ltr'>iu</span> <span class='ocrx_word' id='word_1_253' title='bbox 1394 990 1429 1017; x_wconf 90' lang='lat' dir='ltr'>iis</span> <span class='ocrx_word' id='word_1_254' title='bbox 1453 990 1538 1017; x_wconf 86' lang='lat' dir='ltr'>etiam</span> <span class='ocrx_word' id='word_1_255' title='bbox 1563 997 1668 1025; x_wconf 84' lang='lat' dir='ltr'>pagum</span> <span class='ocrx_word' id='word_1_256' title='bbox 1691 990 1808 1017; x_wconf 85' lang='lat' dir='ltr'>nomine</span> <span class='ocrx_word' id='word_1_257' title='bbox 1830 989 2002 1028; x_wconf 76' lang='grc' dir='ltr'><em>φαβίρανον.</em></span> <span class='ocrx_word' id='word_1_258' title='bbox 2047 989 2164 1017; x_wconf 86' lang='lat' dir='ltr'>Fran-</span> 
     </span>
     <span class='ocr_line' id='line_1_22' title="bbox 389 1032 2166 1069; baseline -0.003 -4"><span class='ocrx_word' id='word_1_259' title='bbox 389 1038 514 1065; x_wconf 87' lang='lat' dir='ltr'>ciscus</span> <span class='ocrx_word' id='word_1_260' title='bbox 537 1035 708 1064; x_wconf 87' lang='lat' dir='ltr'>Irenicus</span> <span class='ocrx_word' id='word_1_261' title='bbox 730 1036 760 1062; x_wconf 90' lang='lat' dir='ltr'>in</span> <span class='ocrx_word' id='word_1_262' title='bbox 783 1035 870 1062; x_wconf 88' lang='lat' dir='ltr'>libro:</span> <span class='ocrx_word' id='word_1_263' title='bbox 897 1033 1093 1069; x_wconf 79' lang='lat' dir='ltr'>„Germaniae</span> <span class='ocrx_word' id='word_1_264' title='bbox 1117 1033 1259 1069; x_wconf 73' lang='lat' dir='ltr'>exegesis,</span> <span class='ocrx_word' id='word_1_265' title='bbox 1283 1034 1344 1060; x_wconf 81' lang='lat' dir='ltr'>sive</span> <span class='ocrx_word' id='word_1_266' title='bbox 1368 1032 1524 1068; x_wconf 82' lang='lat' dir='ltr'>descriptio</span> <span class='ocrx_word' id='word_1_267' title='bbox 1549 1033 1663 1065; x_wconf 88' lang='lat' dir='ltr'>veteris,</span> <span class='ocrx_word' id='word_1_268' title='bbox 1689 1033 1776 1059; x_wconf 86' lang='lat' dir='ltr'>medii</span> <span class='ocrx_word' id='word_1_269' title='bbox 1799 1038 1826 1060; x_wconf 87' lang='lat' dir='ltr'>et</span> <span class='ocrx_word' id='word_1_270' title='bbox 1848 1033 1973 1060; x_wconf 89' lang='lat' dir='ltr'>recentis</span> <span class='ocrx_word' id='word_1_271' title='bbox 1997 1033 2090 1067; x_wconf 79' lang='lat' dir='ltr'>aevi,“</span> <span class='ocrx_word' id='word_1_272' title='bbox 2116 1032 2166 1069; x_wconf 91' lang='lat' dir='ltr'>qui</span> 
     </span>
     <span class='ocr_line' id='line_1_23' title="bbox 388 1074 2164 1117; baseline -0.003 -10"><span class='ocrx_word' id='word_1_273' title='bbox 388 1080 495 1117; x_wconf 87' lang='lat' dir='ltr'>prodiit</span> <span class='ocrx_word' id='word_1_274' title='bbox 523 1079 687 1116; x_wconf 75' lang='lat' dir='ltr'>Haganoae</span> <span class='ocrx_word' id='word_1_275' title='bbox 720 1078 797 1105; x_wconf 79' lang='grc'>1518</span> <span class='ocrx_word' id='word_1_276' title='bbox 829 1077 892 1109; x_wconf 56' lang='lat' dir='ltr'>sol„</span> <span class='ocrx_word' id='word_1_277' title='bbox 921 1077 1030 1112; x_wconf 89' lang='lat' dir='ltr'>primus</span> <span class='ocrx_word' id='word_1_278' title='bbox 1058 1076 1122 1110; x_wconf 77' lang='lat' dir='ltr'>fuit,</span> <span class='ocrx_word' id='word_1_279' title='bbox 1146 1077 1195 1112; x_wconf 82' lang='lat' dir='ltr'>qui</span> <span class='ocrx_word' id='word_1_280' title='bbox 1226 1075 1362 1112; x_wconf 85' lang='lat' dir='ltr'>opinatus</span> <span class='ocrx_word' id='word_1_281' title='bbox 1382 1080 1423 1103; x_wconf 87' lang='lat' dir='ltr'>est</span> <span class='ocrx_word' id='word_1_282' title='bbox 1448 1074 1624 1102; x_wconf 84' lang='lat' dir='ltr'>Fahiranum</span> <span class='ocrx_word' id='word_1_283' title='bbox 1648 1074 1809 1103; x_wconf 81' lang='lat' dir='ltr'>Ptolemaei</span> <span class='ocrx_word' id='word_1_284' title='bbox 1833 1084 1896 1103; x_wconf 85' lang='lat' dir='ltr'>esse</span> <span class='ocrx_word' id='word_1_285' title='bbox 1918 1084 1995 1102; x_wconf 91' lang='lat' dir='ltr'>nunc</span> <span class='ocrx_word' id='word_1_286' title='bbox 2019 1075 2164 1103; x_wconf 87' lang='lat' dir='ltr'>Bremam.</span> 
     </span>
     <span class='ocr_line' id='line_1_24' title="bbox 388 1117 2164 1154; baseline -0.002 -4"><span class='ocrx_word' id='word_1_287' title='bbox 388 1122 489 1150; x_wconf 90' lang='lat' dir='ltr'>Fidem</span> <span class='ocrx_word' id='word_1_288' title='bbox 516 1122 559 1149; x_wconf 88' lang='lat' dir='ltr'>rei</span> <span class='ocrx_word' id='word_1_289' title='bbox 587 1121 653 1148; x_wconf 85' lang='lat' dir='ltr'>fecit</span> <span class='ocrx_word' id='word_1_290' title='bbox 684 1120 752 1147; x_wconf 78' lang='lat' dir='ltr'>viris</span> <span class='ocrx_word' id='word_1_291' title='bbox 775 1120 868 1147; x_wconf 86' lang='lat' dir='ltr'>doctis</span> <span class='ocrx_word' id='word_1_292' title='bbox 889 1120 933 1147; x_wconf 91' lang='lat' dir='ltr'>sui</span> <span class='ocrx_word' id='word_1_293' title='bbox 957 1119 1036 1153; x_wconf 74' lang='lat' dir='ltr'>aex-i,</span> <span class='ocrx_word' id='word_1_294' title='bbox 1066 1119 1151 1146; x_wconf 75' lang='lat' dir='ltr'>etiam</span> <span class='ocrx_word' id='word_1_295' title='bbox 1174 1118 1368 1152; x_wconf 82' lang='lat' dir='ltr'>Melanthoni,</span> <span class='ocrx_word' id='word_1_296' title='bbox 1397 1127 1461 1146; x_wconf 87' lang='lat' dir='ltr'>cum</span> <span class='ocrx_word' id='word_1_297' title='bbox 1486 1126 1542 1154; x_wconf 92' lang='lat' dir='ltr'>quo</span> <span class='ocrx_word' id='word_1_298' title='bbox 1565 1117 1608 1144; x_wconf 87' lang='lat' dir='ltr'>illi</span> <span class='ocrx_word' id='word_1_299' title='bbox 1633 1122 1679 1150; x_wconf 87' lang='lat' dir='ltr'>(ut</span> <span class='ocrx_word' id='word_1_300' title='bbox 1701 1119 1783 1145; x_wconf 81' lang='lat' dir='ltr'>docet</span> <span class='ocrx_word' id='word_1_301' title='bbox 1809 1118 1875 1145; x_wconf 81' lang='lat' dir='ltr'>Mel.</span> <span class='ocrx_word' id='word_1_302' title='bbox 1902 1118 2023 1154; x_wconf 81' lang='lat' dir='ltr'>epistola</span> <span class='ocrx_word' id='word_1_303' title='bbox 2047 1118 2082 1145; x_wconf 84' lang='lat' dir='ltr'>ad</span> <span class='ocrx_word' id='word_1_304' title='bbox 2103 1118 2164 1146; x_wconf 88' lang='lat' dir='ltr'>Alt-</span> 
     </span>
     <span class='ocr_line' id='line_1_25' title="bbox 386 1160 2164 1200; baseline -0.002 -9"><span class='ocrx_word' id='word_1_305' title='bbox 386 1165 534 1192; x_wconf 89' lang='lat' dir='ltr'>hamerum</span> <span class='ocrx_word' id='word_1_306' title='bbox 564 1163 630 1191; x_wconf 86' lang='lat' dir='ltr'>Vol.</span> <span class='ocrx_word' id='word_1_307' title='bbox 662 1163 684 1197; x_wconf 91' lang='lat' dir='ltr'>I,</span> <span class='ocrx_word' id='word_1_308' title='bbox 713 1172 742 1200; x_wconf 92' lang='lat' dir='ltr'>p.</span> <span class='ocrx_word' id='word_1_309' title='bbox 772 1163 832 1190; x_wconf 65' lang='lat'>9²28</span> <span class='ocrx_word' id='word_1_310' title='bbox 857 1163 939 1197; x_wconf 80' lang='lat' dir='ltr'>data)</span> <span class='ocrx_word' id='word_1_311' title='bbox 974 1162 1022 1189; x_wconf 79' lang='lat' dir='ltr'>fuit</span> <span class='ocrx_word' id='word_1_312' title='bbox 1054 1161 1250 1195; x_wconf 78' lang='lat' dir='ltr'>familiaritas,</span> <span class='ocrx_word' id='word_1_313' title='bbox 1297 1166 1322 1188; x_wconf 87' lang='lat' dir='ltr'>et</span> <span class='ocrx_word' id='word_1_314' title='bbox 1353 1162 1401 1198; x_wconf 88' lang='lat' dir='ltr'>qui</span> <span class='ocrx_word' id='word_1_315' title='bbox 1438 1160 1524 1188; x_wconf 77' lang='lat' dir='ltr'>etiam</span> <span class='ocrx_word' id='word_1_316' title='bbox 1565 1161 1594 1187; x_wconf 88' lang='lat' dir='ltr'>in</span> <span class='ocrx_word' id='word_1_317' title='bbox 1627 1160 1750 1197; x_wconf 80' lang='lat' dir='ltr'>epistola</span> <span class='ocrx_word' id='word_1_318' title='bbox 1782 1161 1818 1187; x_wconf 86' lang='lat' dir='ltr'>ad</span> <span class='ocrx_word' id='word_1_319' title='bbox 1848 1160 1973 1188; x_wconf 82' lang='lat' dir='ltr'>Eberuin</span> <span class='ocrx_word' id='word_1_320' title='bbox 2000 1161 2028 1188; x_wconf 86' lang='lat' dir='ltr'>d.</span> <span class='ocrx_word' id='word_1_321' title='bbox 2060 1161 2087 1188; x_wconf 90' lang='lat' dir='ltr'>d.</span> <span class='ocrx_word' id='word_1_322' title='bbox 2116 1161 2164 1189; x_wconf 81' lang='grc' dir='ltr'>Π).</span> 
     </span>
     <span class='ocr_line' id='line_1_26' title="bbox 388 1203 2166 1241; baseline -0.003 -6"><span class='ocrx_word' id='word_1_323' title='bbox 388 1207 455 1235; x_wconf 90' lang='lat' dir='ltr'>Iulii</span> <span class='ocrx_word' id='word_1_324' title='bbox 482 1208 560 1235; x_wconf 82' lang='lat'>1554</span> <span class='ocrx_word' id='word_1_325' title='bbox 586 1206 721 1234; x_wconf 82' lang='lat' dir='ltr'>Breinam</span> <span class='ocrx_word' id='word_1_326' title='bbox 750 1204 927 1232; x_wconf 85' lang='lat' dir='ltr'>Fabiranum</span> <span class='ocrx_word' id='word_1_327' title='bbox 958 1204 1099 1241; x_wconf 85' lang='lat' dir='ltr'>appellat;</span> <span class='ocrx_word' id='word_1_328' title='bbox 1132 1205 1200 1232; x_wconf 91' lang='lat' dir='ltr'>item</span> <span class='ocrx_word' id='word_1_329' title='bbox 1223 1203 1359 1239; x_wconf 84' lang='lat' dir='ltr'>Serveto,</span> <span class='ocrx_word' id='word_1_330' title='bbox 1389 1203 1437 1240; x_wconf 91' lang='lat' dir='ltr'>qui</span> <span class='ocrx_word' id='word_1_331' title='bbox 1464 1203 1516 1230; x_wconf 88' lang='lat' dir='ltr'>sub</span> <span class='ocrx_word' id='word_1_332' title='bbox 1539 1203 1656 1230; x_wconf 88' lang='lat' dir='ltr'>nomine</span> <span class='ocrx_word' id='word_1_333' title='bbox 1678 1203 1829 1231; x_wconf 83' lang='lat' dir='ltr'>Michaelis</span> <span class='ocrx_word' id='word_1_334' title='bbox 1853 1203 2039 1231; x_wconf 83' lang='lat' dir='ltr'>Villanovani</span> <span class='ocrx_word' id='word_1_335' title='bbox 2070 1203 2166 1230; x_wconf 90' lang='lat' dir='ltr'>Ptole-</span> 
     </span>
     <span class='ocr_line' id='line_1_27' title="bbox 387 1245 2167 1287; baseline -0.003 -9"><span class='ocrx_word' id='word_1_336' title='bbox 387 1259 500 1278; x_wconf 84' lang='lat' dir='ltr'>maeum</span> <span class='ocrx_word' id='word_1_337' title='bbox 522 1249 659 1286; x_wconf 87' lang='lat' dir='ltr'>Lugduni</span> <span class='ocrx_word' id='word_1_338' title='bbox 684 1248 819 1276; x_wconf 84' lang='lat' dir='ltr'>Batavor.</span> <span class='ocrx_word' id='word_1_339' title='bbox 854 1249 939 1276; x_wconf 76' lang='lat'><strong>¹535.</strong></span> <span class='ocrx_word' id='word_1_340' title='bbox 963 1247 1013 1274; x_wconf 82' lang='lat' dir='ltr'>fol.</span> <span class='ocrx_word' id='word_1_341' title='bbox 1038 1248 1136 1281; x_wconf 79' lang='lat' dir='ltr'>edidit,</span> <span class='ocrx_word' id='word_1_342' title='bbox 1160 1251 1188 1274; x_wconf 87' lang='lat' dir='ltr'>et</span> <span class='ocrx_word' id='word_1_343' title='bbox 1211 1247 1246 1274; x_wconf 90' lang='lat' dir='ltr'>ad</span> <span class='ocrx_word' id='word_1_344' title='bbox 1271 1247 1434 1287; x_wconf 76' lang='grc' dir='ltr'><strong><em>φαβίρανον</em></strong></span> <span class='ocrx_word' id='word_1_345' title='bbox 1457 1247 1536 1274; x_wconf 88' lang='lat' dir='ltr'>addit</span> <span class='ocrx_word' id='word_1_346' title='bbox 1558 1245 1761 1282; x_wconf 67' lang='lat' dir='ltr'>explicationis</span> <span class='ocrx_word' id='word_1_347' title='bbox 1781 1256 1883 1274; x_wconf 83' lang='lat' dir='ltr'>causa:</span> <span class='ocrx_word' id='word_1_348' title='bbox 1910 1246 2045 1273; x_wconf 81' lang='lat' dir='ltr'>Brema.</span> <span class='ocrx_word' id='word_1_349' title='bbox 2066 1263 2106 1266; x_wconf 24' lang='lat' dir='ltr'><em>fl</em></span> <span class='ocrx_word' id='word_1_350' title='bbox 2128 1247 2167 1272; x_wconf 76' lang='lat' dir='ltr'>At</span> 
     </span>
     <span class='ocr_line' id='line_1_28' title="bbox 387 1289 2165 1330; baseline -0.002 -10"><span class='ocrx_word' id='word_1_351' title='bbox 387 1298 488 1330; x_wconf 85' lang='lat' dir='ltr'>postea</span> <span class='ocrx_word' id='word_1_352' title='bbox 515 1302 572 1320; x_wconf 89' lang='lat' dir='ltr'>sec.</span> <span class='ocrx_word' id='word_1_353' title='bbox 596 1291 696 1319; x_wconf 83' lang='lat' dir='ltr'>XVII.</span> <span class='ocrx_word' id='word_1_354' title='bbox 727 1296 753 1318; x_wconf 89' lang='lat' dir='ltr'>et</span> <span class='ocrx_word' id='word_1_355' title='bbox 776 1300 834 1319; x_wconf 82' lang='lat' dir='ltr'>sec.</span> <span class='ocrx_word' id='word_1_356' title='bbox 858 1290 971 1318; x_wconf 85' lang='lat' dir='ltr'><strong>XVIII.</strong></span> <span class='ocrx_word' id='word_1_357' title='bbox 1001 1300 1086 1317; x_wconf 89' lang='lat' dir='ltr'>nemo</span> <span class='ocrx_word' id='word_1_358' title='bbox 1114 1290 1199 1317; x_wconf 80' lang='lat' dir='ltr'>facile</span> <span class='ocrx_word' id='word_1_359' title='bbox 1229 1289 1308 1317; x_wconf 92' lang='lat' dir='ltr'>illam</span> <span class='ocrx_word' id='word_1_360' title='bbox 1338 1290 1532 1317; x_wconf 89' lang='lat' dir='ltr'>coniecturam</span> <span class='ocrx_word' id='word_1_361' title='bbox 1563 1289 1665 1316; x_wconf 86' lang='lat' dir='ltr'>Irenici</span> <span class='ocrx_word' id='word_1_362' title='bbox 1695 1290 1820 1327; x_wconf 86' lang='lat' dir='ltr'>amplius</span> <span class='ocrx_word' id='word_1_363' title='bbox 1843 1293 1982 1326; x_wconf 86' lang='lat' dir='ltr'>sequutus</span> <span class='ocrx_word' id='word_1_364' title='bbox 2006 1294 2058 1316; x_wconf 86' lang='lat' dir='ltr'>est.</span> <span class='ocrx_word' id='word_1_365' title='bbox 2105 1289 2165 1316; x_wconf 89' lang='lat' dir='ltr'>Iam</span> 
     </span>
     <span class='ocr_line' id='line_1_29' title="bbox 387 1332 2166 1370; baseline -0.002 -7"><span class='ocrx_word' id='word_1_366' title='bbox 387 1345 456 1363; x_wconf 87' lang='lat' dir='ltr'>vero</span> <span class='ocrx_word' id='word_1_367' title='bbox 478 1334 596 1363; x_wconf 85' lang='lat' dir='ltr'>difficile</span> <span class='ocrx_word' id='word_1_368' title='bbox 618 1334 803 1370; x_wconf 84' lang='lat' dir='ltr'>intelligitur,</span> <span class='ocrx_word' id='word_1_369' title='bbox 832 1342 889 1369; x_wconf 92' lang='lat' dir='ltr'>quo</span> <span class='ocrx_word' id='word_1_370' title='bbox 917 1333 1003 1361; x_wconf 87' lang='lat' dir='ltr'>modo</span> <span class='ocrx_word' id='word_1_371' title='bbox 1027 1333 1167 1370; x_wconf 87' lang='lat' dir='ltr'>impostor</span> <span class='ocrx_word' id='word_1_372' title='bbox 1190 1333 1280 1360; x_wconf 83' lang='lat' dir='ltr'>seculi</span> <span class='ocrx_word' id='word_1_373' title='bbox 1303 1332 1417 1360; x_wconf 89' lang='lat' dir='ltr'><strong>XVIII.</strong></span> <span class='ocrx_word' id='word_1_374' title='bbox 1441 1333 1471 1360; x_wconf 92' lang='lat' dir='ltr'>in</span> <span class='ocrx_word' id='word_1_375' title='bbox 1499 1332 1569 1360; x_wconf 90' lang='lat' dir='ltr'>illud</span> <span class='ocrx_word' id='word_1_376' title='bbox 1599 1332 1762 1360; x_wconf 84' lang='lat' dir='ltr'>obsoletum</span> <span class='ocrx_word' id='word_1_377' title='bbox 1787 1337 1814 1360; x_wconf 74' lang='lat' dir='ltr'>et</span> <span class='ocrx_word' id='word_1_378' title='bbox 1837 1332 1977 1360; x_wconf 88' lang='lat' dir='ltr'>oblivioni</span> <span class='ocrx_word' id='word_1_379' title='bbox 1997 1332 2055 1359; x_wconf 82' lang='lat' dir='ltr'>iarn</span> <span class='ocrx_word' id='word_1_380' title='bbox 2078 1332 2166 1359; x_wconf 86' lang='lat' dir='ltr'>tradi-</span> 
     </span>
     <span class='ocr_line' id='line_1_30' title="bbox 387 1374 2168 1413; baseline -0.003 -7"><span class='ocrx_word' id='word_1_381' title='bbox 387 1382 448 1406; x_wconf 90' lang='lat' dir='ltr'>tum</span> <span class='ocrx_word' id='word_1_382' title='bbox 470 1387 576 1406; x_wconf 88' lang='lat' dir='ltr'>nomen</span> <span class='ocrx_word' id='word_1_383' title='bbox 596 1377 719 1406; x_wconf 86' lang='lat' dir='ltr'>Bremae</span> <span class='ocrx_word' id='word_1_384' title='bbox 742 1376 885 1410; x_wconf 88' lang='lat' dir='ltr'>inciderit,</span> <span class='ocrx_word' id='word_1_385' title='bbox 909 1381 937 1403; x_wconf 89' lang='lat' dir='ltr'>et</span> <span class='ocrx_word' id='word_1_386' title='bbox 959 1385 1009 1403; x_wconf 90' lang='lat' dir='ltr'>cur</span> <span class='ocrx_word' id='word_1_387' title='bbox 1030 1376 1103 1403; x_wconf 90' lang='lat' dir='ltr'>illud</span> <span class='ocrx_word' id='word_1_388' title='bbox 1126 1375 1256 1412; x_wconf 86' lang='lat' dir='ltr'>elegerit,</span> <span class='ocrx_word' id='word_1_389' title='bbox 1279 1385 1366 1413; x_wconf 84' lang='lat' dir='ltr'>quum</span> <span class='ocrx_word' id='word_1_390' title='bbox 1391 1380 1490 1403; x_wconf 88' lang='lat' dir='ltr'>contra</span> <span class='ocrx_word' id='word_1_391' title='bbox 1513 1375 1635 1412; x_wconf 87' lang='lat' dir='ltr'>quisque</span> <span class='ocrx_word' id='word_1_392' title='bbox 1657 1375 1743 1410; x_wconf 87' lang='lat' dir='ltr'>videt,</span> <span class='ocrx_word' id='word_1_393' title='bbox 1768 1385 1825 1413; x_wconf 91' lang='lat' dir='ltr'>quo</span> <span class='ocrx_word' id='word_1_394' title='bbox 1848 1376 1936 1403; x_wconf 88' lang='lat' dir='ltr'>modo</span> <span class='ocrx_word' id='word_1_395' title='bbox 1956 1375 2061 1403; x_wconf 79' lang='lat' dir='ltr'>factum</span> <span class='ocrx_word' id='word_1_396' title='bbox 2081 1374 2168 1402; x_wconf 83' lang='lat' dir='ltr'>fuerit</span> 
     </span>
     <span class='ocr_line' id='line_1_31' title="bbox 387 1418 1224 1457; baseline -0.006 -7"><span class='ocrx_word' id='word_1_397' title='bbox 387 1431 465 1450; x_wconf 86' lang='lat' dir='ltr'>anno</span> <span class='ocrx_word' id='word_1_398' title='bbox 492 1421 582 1455; x_wconf 83' lang='lat'>1535,</span> <span class='ocrx_word' id='word_1_399' title='bbox 603 1424 633 1448; x_wconf 84' lang='lat' dir='ltr'>ut</span> <span class='ocrx_word' id='word_1_400' title='bbox 655 1429 708 1457; x_wconf 92' lang='lat' dir='ltr'>pro</span> <span class='ocrx_word' id='word_1_401' title='bbox 730 1419 838 1447; x_wconf 83' lang='lat' dir='ltr'>Brema</span> <span class='ocrx_word' id='word_1_402' title='bbox 860 1424 1015 1456; x_wconf 87' lang='lat' dir='ltr'>poneretur</span> <span class='ocrx_word' id='word_1_403' title='bbox 1038 1418 1224 1446; x_wconf 84' lang='lat' dir='ltr'>Fabiranum.</span> 
     </span>
    </p>

    <p class='ocr_par' dir='ltr' id='par_1_5' title="bbox 387 1460 2169 1802">
     <span class='ocr_line' id='line_1_32' title="bbox 431 1460 2168 1500; baseline -0.002 -8"><span class='ocrx_word' id='word_1_404' title='bbox 431 1462 463 1492; x_wconf 89' lang='lat' dir='ltr'>Si</span> <span class='ocrx_word' id='word_1_405' title='bbox 486 1464 551 1500; x_wconf 84' lang='lat' dir='ltr'>quis</span> <span class='ocrx_word' id='word_1_406' title='bbox 570 1467 665 1491; x_wconf 84' lang='lat' dir='ltr'>autem</span> <span class='ocrx_word' id='word_1_407' title='bbox 686 1462 796 1497; x_wconf 84' lang='lat' dir='ltr'>obiicit,</span> <span class='ocrx_word' id='word_1_408' title='bbox 820 1462 1044 1496; x_wconf 78' lang='lat' dir='ltr'>Melanthonem,</span> <span class='ocrx_word' id='word_1_409' title='bbox 1068 1462 1092 1489; x_wconf 89' lang='lat' dir='ltr'>si</span> <span class='ocrx_word' id='word_1_410' title='bbox 1114 1463 1167 1489; x_wconf 88' lang='lat' dir='ltr'>iter</span> <span class='ocrx_word' id='word_1_411' title='bbox 1185 1460 1339 1490; x_wconf 88' lang='lat' dir='ltr'>Coloniam</span> <span class='ocrx_word' id='word_1_412' title='bbox 1359 1461 1474 1488; x_wconf 76' lang='lat' dir='ltr'>iecisset</span> <span class='ocrx_word' id='word_1_413' title='bbox 1497 1469 1595 1488; x_wconf 87' lang='lat' dir='ltr'>mense</span> <span class='ocrx_word' id='word_1_414' title='bbox 1615 1460 1710 1495; x_wconf 86' lang='lat' dir='ltr'>Iunio,</span> <span class='ocrx_word' id='word_1_415' title='bbox 1735 1461 1812 1488; x_wconf 89' lang='lat' dir='ltr'>haud</span> <span class='ocrx_word' id='word_1_416' title='bbox 1832 1461 1917 1489; x_wconf 85' lang='lat' dir='ltr'>dubie</span> <span class='ocrx_word' id='word_1_417' title='bbox 1936 1461 1971 1489; x_wconf 87' lang='lat' dir='ltr'>de</span> <span class='ocrx_word' id='word_1_418' title='bbox 1995 1460 2046 1488; x_wconf 93' lang='lat' dir='ltr'>illo</span> <span class='ocrx_word' id='word_1_419' title='bbox 2064 1460 2168 1488; x_wconf 87' lang='lat' dir='ltr'>itinere</span> 
     </span>
     <span class='ocr_line' id='line_1_33' title="bbox 387 1502 2167 1543; baseline -0.001 -10"><span class='ocrx_word' id='word_1_420' title='bbox 387 1506 498 1543; x_wconf 86' lang='lat' dir='ltr'>aliquid</span> <span class='ocrx_word' id='word_1_421' title='bbox 521 1507 694 1543; x_wconf 87' lang='lat' dir='ltr'>scripturum</span> <span class='ocrx_word' id='word_1_422' title='bbox 718 1505 807 1533; x_wconf 86' lang='lat' dir='ltr'>fuisse</span> <span class='ocrx_word' id='word_1_423' title='bbox 829 1505 859 1533; x_wconf 92' lang='lat' dir='ltr'>in</span> <span class='ocrx_word' id='word_1_424' title='bbox 883 1505 1006 1542; x_wconf 86' lang='lat' dir='ltr'>epistola</span> <span class='ocrx_word' id='word_1_425' title='bbox 1029 1505 1066 1533; x_wconf 89' lang='lat' dir='ltr'>ad</span> <span class='ocrx_word' id='word_1_426' title='bbox 1089 1502 1286 1532; x_wconf 85' lang='lat' dir='ltr'>Camerarium</span> <span class='ocrx_word' id='word_1_427' title='bbox 1311 1505 1337 1532; x_wconf 88' lang='lat' dir='ltr'>d.</span> <span class='ocrx_word' id='word_1_428' title='bbox 1362 1505 1388 1533; x_wconf 94' lang='lat' dir='ltr'>d.</span> <span class='ocrx_word' id='word_1_429' title='bbox 1416 1505 1441 1532; x_wconf 87' lang='lat'>7.</span> <span class='ocrx_word' id='word_1_430' title='bbox 1467 1503 1549 1538; x_wconf 91' lang='lat' dir='ltr'>Iulii,</span> <span class='ocrx_word' id='word_1_431' title='bbox 1577 1503 1626 1531; x_wconf 89' lang='lat' dir='ltr'>ubi</span> <span class='ocrx_word' id='word_1_432' title='bbox 1651 1513 1718 1531; x_wconf 91' lang='lat' dir='ltr'>vero</span> <span class='ocrx_word' id='word_1_433' title='bbox 1742 1504 1813 1531; x_wconf 91' lang='lat' dir='ltr'>nihil</span> <span class='ocrx_word' id='word_1_434' title='bbox 1836 1504 1964 1541; x_wconf 89' lang='lat' dir='ltr'>legatur:</span> <span class='ocrx_word' id='word_1_435' title='bbox 1987 1504 2167 1540; x_wconf 85' lang='lat' dir='ltr'>respondeo:</span> 
     </span>
     <span class='ocr_line' id='line_1_34' title="bbox 387 1545 2167 1584; baseline -0.001 -8"><span class='ocrx_word' id='word_1_436' title='bbox 387 1549 413 1577; x_wconf 87' lang='lat' dir='ltr'>si</span> <span class='ocrx_word' id='word_1_437' title='bbox 438 1549 606 1576; x_wconf 84' lang='lat' dir='ltr'>Melanthon</span> <span class='ocrx_word' id='word_1_438' title='bbox 631 1549 724 1576; x_wconf 88' lang='lat' dir='ltr'>ordini</span> <span class='ocrx_word' id='word_1_439' title='bbox 748 1546 997 1577; x_wconf 83' lang='lat' dir='ltr'>Cementariorum</span> <span class='ocrx_word' id='word_1_440' title='bbox 1022 1548 1185 1584; x_wconf 83' lang='lat' dir='ltr'>adscriptus</span> <span class='ocrx_word' id='word_1_441' title='bbox 1208 1547 1271 1582; x_wconf 87' lang='lat' dir='ltr'>fuit,</span> <span class='ocrx_word' id='word_1_442' title='bbox 1294 1546 1449 1575; x_wconf 85' lang='lat' dir='ltr'>verisimile</span> <span class='ocrx_word' id='word_1_443' title='bbox 1471 1551 1513 1574; x_wconf 90' lang='lat' dir='ltr'>est</span> <span class='ocrx_word' id='word_1_444' title='bbox 1536 1547 1611 1574; x_wconf 84' lang='lat' dir='ltr'>idem</span> <span class='ocrx_word' id='word_1_445' title='bbox 1640 1547 1676 1574; x_wconf 89' lang='lat' dir='ltr'>de</span> <span class='ocrx_word' id='word_1_446' title='bbox 1699 1547 1846 1576; x_wconf 86' lang='lat' dir='ltr'>loachimo</span> <span class='ocrx_word' id='word_1_447' title='bbox 1870 1545 2048 1574; x_wconf 86' lang='lat' dir='ltr'>Camerario.</span> <span class='ocrx_word' id='word_1_448' title='bbox 2094 1546 2167 1582; x_wconf 80' lang='lat' dir='ltr'>Quis</span> 
     </span>
     <span class='ocr_line' id='line_1_35' title="bbox 388 1589 2168 1626; baseline -0.001 -7"><span class='ocrx_word' id='word_1_449' title='bbox 388 1592 457 1626; x_wconf 82' lang='lat' dir='ltr'>scit,</span> <span class='ocrx_word' id='word_1_450' title='bbox 481 1601 578 1620; x_wconf 89' lang='lat' dir='ltr'>annon</span> <span class='ocrx_word' id='word_1_451' title='bbox 598 1590 784 1619; x_wconf 81' lang='lat' dir='ltr'>Camerarius</span> <span class='ocrx_word' id='word_1_452' title='bbox 805 1599 902 1618; x_wconf 86' lang='lat' dir='ltr'>comes</span> <span class='ocrx_word' id='word_1_453' title='bbox 924 1591 1034 1619; x_wconf 73' lang='lat' dir='ltr'>itineris</span> <span class='ocrx_word' id='word_1_454' title='bbox 1057 1589 1164 1618; x_wconf 78' lang='lat' dir='ltr'>fuerit?</span> <span class='ocrx_word' id='word_1_455' title='bbox 1209 1589 1267 1618; x_wconf 86' lang='lat' dir='ltr'>Sed</span> <span class='ocrx_word' id='word_1_456' title='bbox 1292 1590 1316 1618; x_wconf 90' lang='lat' dir='ltr'>si</span> <span class='ocrx_word' id='word_1_457' title='bbox 1339 1589 1524 1619; x_wconf 82' lang='lat' dir='ltr'>Camerarius</span> <span class='ocrx_word' id='word_1_458' title='bbox 1547 1589 1660 1617; x_wconf 86' lang='lat' dir='ltr'>alienus</span> <span class='ocrx_word' id='word_1_459' title='bbox 1682 1589 1736 1617; x_wconf 88' lang='lat' dir='ltr'>fuit</span> <span class='ocrx_word' id='word_1_460' title='bbox 1759 1590 1793 1617; x_wconf 91' lang='lat' dir='ltr'>ab</span> <span class='ocrx_word' id='word_1_461' title='bbox 1813 1590 1924 1624; x_wconf 89' lang='lat' dir='ltr'>ordine,</span> <span class='ocrx_word' id='word_1_462' title='bbox 1948 1590 1974 1617; x_wconf 91' lang='lat' dir='ltr'>ei</span> <span class='ocrx_word' id='word_1_463' title='bbox 1998 1589 2109 1626; x_wconf 83' lang='lat' dir='ltr'>aliquid</span> <span class='ocrx_word' id='word_1_464' title='bbox 2132 1590 2168 1617; x_wconf 91' lang='lat' dir='ltr'>de</span> 
     </span>
     <span class='ocr_line' id='line_1_36' title="bbox 387 1632 2168 1670; baseline -0.001 -8"><span class='ocrx_word' id='word_1_465' title='bbox 387 1635 492 1663; x_wconf 91' lang='lat' dir='ltr'>itinere</span> <span class='ocrx_word' id='word_1_466' title='bbox 525 1635 651 1662; x_wconf 86' lang='lat' dir='ltr'>scribere</span> <span class='ocrx_word' id='word_1_467' title='bbox 680 1634 859 1661; x_wconf 83' lang='lat' dir='ltr'>Melanthoni</span> <span class='ocrx_word' id='word_1_468' title='bbox 888 1643 945 1661; x_wconf 88' lang='lat' dir='ltr'>non</span> <span class='ocrx_word' id='word_1_469' title='bbox 974 1634 1064 1661; x_wconf 86' lang='lat' dir='ltr'>licuit.</span> <span class='ocrx_word' id='word_1_470' title='bbox 1116 1632 1146 1662; x_wconf 88' lang='lat' dir='ltr'>Si</span> <span class='ocrx_word' id='word_1_471' title='bbox 1169 1633 1353 1661; x_wconf 87' lang='lat' dir='ltr'>Camerarius</span> <span class='ocrx_word' id='word_1_472' title='bbox 1382 1642 1497 1670; x_wconf 88' lang='lat' dir='ltr'>quoque</span> <span class='ocrx_word' id='word_1_473' title='bbox 1520 1632 1574 1660; x_wconf 86' lang='lat' dir='ltr'>fuit</span> <span class='ocrx_word' id='word_1_474' title='bbox 1602 1632 1733 1660; x_wconf 84' lang='lat' dir='ltr'>initiatus</span> <span class='ocrx_word' id='word_1_475' title='bbox 1758 1637 1784 1660; x_wconf 87' lang='lat' dir='ltr'>et</span> <span class='ocrx_word' id='word_1_476' title='bbox 1805 1632 1974 1660; x_wconf 88' lang='lat' dir='ltr'>Melanthon</span> <span class='ocrx_word' id='word_1_477' title='bbox 1998 1632 2108 1668; x_wconf 85' lang='lat' dir='ltr'>aliquid</span> <span class='ocrx_word' id='word_1_478' title='bbox 2132 1632 2168 1660; x_wconf 89' lang='lat' dir='ltr'>de</span> 
     </span>
     <span class='ocr_line' id='line_1_37' title="bbox 388 1675 2169 1714; baseline -0.002 -8"><span class='ocrx_word' id='word_1_479' title='bbox 388 1679 491 1706; x_wconf 82' lang='lat' dir='ltr'>itinere</span> <span class='ocrx_word' id='word_1_480' title='bbox 515 1678 550 1706; x_wconf 84' lang='lat' dir='ltr'>ad</span> <span class='ocrx_word' id='word_1_481' title='bbox 575 1688 639 1705; x_wconf 88' lang='lat' dir='ltr'>eum</span> <span class='ocrx_word' id='word_1_482' title='bbox 664 1677 795 1714; x_wconf 87' lang='lat' dir='ltr'>scripsit,</span> <span class='ocrx_word' id='word_1_483' title='bbox 829 1676 917 1704; x_wconf 92' lang='lat' dir='ltr'>dubio</span> <span class='ocrx_word' id='word_1_484' title='bbox 940 1682 1032 1710; x_wconf 84' lang='lat' dir='ltr'>caret,</span> <span class='ocrx_word' id='word_1_485' title='bbox 1056 1675 1256 1704; x_wconf 83' lang='lat' dir='ltr'>Camerarium</span> <span class='ocrx_word' id='word_1_486' title='bbox 1285 1676 1329 1703; x_wconf 88' lang='lat' dir='ltr'>vel</span> <span class='ocrx_word' id='word_1_487' title='bbox 1355 1676 1507 1712; x_wconf 88' lang='lat' dir='ltr'>epistolam</span> <span class='ocrx_word' id='word_1_488' title='bbox 1530 1680 1636 1710; x_wconf 85' lang='lat' dir='ltr'>totam,</span> <span class='ocrx_word' id='word_1_489' title='bbox 1667 1676 1711 1703; x_wconf 87' lang='lat' dir='ltr'>vel</span> <span class='ocrx_word' id='word_1_490' title='bbox 1734 1680 1810 1703; x_wconf 76' lang='lat' dir='ltr'>certe</span> <span class='ocrx_word' id='word_1_491' title='bbox 1832 1684 1881 1710; x_wconf 87' lang='lat' dir='ltr'>ea,</span> <span class='ocrx_word' id='word_1_492' title='bbox 1911 1685 1984 1712; x_wconf 87' lang='lat' dir='ltr'>quac</span> <span class='ocrx_word' id='word_1_493' title='bbox 2008 1676 2044 1702; x_wconf 86' lang='lat' dir='ltr'>de</span> <span class='ocrx_word' id='word_1_494' title='bbox 2066 1675 2169 1703; x_wconf 88' lang='lat' dir='ltr'>itinere</span> 
     </span>
     <span class='ocr_line' id='line_1_38' title="bbox 389 1718 2169 1756; baseline -0.002 -7"><span class='ocrx_word' id='word_1_495' title='bbox 389 1722 467 1750; x_wconf 90' lang='lat' dir='ltr'>dicta</span> <span class='ocrx_word' id='word_1_496' title='bbox 494 1725 592 1755; x_wconf 85' lang='lat' dir='ltr'>erant,</span> <span class='ocrx_word' id='word_1_497' title='bbox 619 1720 771 1748; x_wconf 87' lang='lat' dir='ltr'>delevisse.</span> <span class='ocrx_word' id='word_1_498' title='bbox 822 1719 963 1747; x_wconf 88' lang='lat' dir='ltr'>Videmus</span> <span class='ocrx_word' id='word_1_499' title='bbox 992 1720 1082 1755; x_wconf 82' lang='lat' dir='ltr'>enim,</span> <span class='ocrx_word' id='word_1_500' title='bbox 1114 1719 1196 1747; x_wconf 87' lang='lat' dir='ltr'>illum</span> <span class='ocrx_word' id='word_1_501' title='bbox 1226 1719 1282 1747; x_wconf 86' lang='lat' dir='ltr'>hoc</span> <span class='ocrx_word' id='word_1_502' title='bbox 1310 1719 1414 1747; x_wconf 88' lang='lat' dir='ltr'>fecisse</span> <span class='ocrx_word' id='word_1_503' title='bbox 1444 1723 1473 1746; x_wconf 84' lang='lat' dir='ltr'>et</span> <span class='ocrx_word' id='word_1_504' title='bbox 1502 1719 1530 1746; x_wconf 92' lang='lat' dir='ltr'>in</span> <span class='ocrx_word' id='word_1_505' title='bbox 1561 1719 1626 1747; x_wconf 87' lang='lat' dir='ltr'>aliis</span> <span class='ocrx_word' id='word_1_506' title='bbox 1656 1718 1728 1746; x_wconf 87' lang='lat' dir='ltr'>locis</span> <span class='ocrx_word' id='word_1_507' title='bbox 1753 1718 1940 1756; x_wconf 86' lang='lat' dir='ltr'>epistolarum</span> <span class='ocrx_word' id='word_1_508' title='bbox 1963 1718 2169 1753; x_wconf 82' lang='lat' dir='ltr'>Melanthonis,</span> 
     </span>
     <span class='ocr_line' id='line_1_39' title="bbox 389 1764 582 1802; baseline -0.01 -10"><span class='ocrx_word' id='word_1_509' title='bbox 389 1773 461 1802; x_wconf 84' lang='lat' dir='ltr'>quas</span> <span class='ocrx_word' id='word_1_510' title='bbox 485 1764 582 1791; x_wconf 84' lang='lat' dir='ltr'>edidit.</span> 
     </span>
    </p>

    <p class='ocr_par' dir='ltr' id='par_1_6' title="bbox 391 1804 2171 2186">
     <span class='ocr_line' id='line_1_40' title="bbox 433 1804 2170 1841; baseline -0.002 -7"><span class='ocrx_word' id='word_1_511' title='bbox 433 1807 493 1834; x_wconf 89' lang='lat' dir='ltr'>Alii</span> <span class='ocrx_word' id='word_1_512' title='bbox 516 1811 644 1840; x_wconf 84' lang='lat' dir='ltr'>monent,</span> <span class='ocrx_word' id='word_1_513' title='bbox 670 1805 884 1833; x_wconf 86' lang='lat' dir='ltr'>Melanthonem</span> <span class='ocrx_word' id='word_1_514' title='bbox 906 1805 1047 1833; x_wconf 90' lang='lat' dir='ltr'>eiusmodi</span> <span class='ocrx_word' id='word_1_515' title='bbox 1070 1806 1124 1832; x_wconf 90' lang='lat' dir='ltr'>iter</span> <span class='ocrx_word' id='word_1_516' title='bbox 1147 1814 1205 1832; x_wconf 90' lang='lat' dir='ltr'>non</span> <span class='ocrx_word' id='word_1_517' title='bbox 1229 1805 1291 1833; x_wconf 84' lang='lat' dir='ltr'>sine</span> <span class='ocrx_word' id='word_1_518' title='bbox 1314 1808 1475 1832; x_wconf 80' lang='lat' dir='ltr'>commeatu</span> <span class='ocrx_word' id='word_1_519' title='bbox 1499 1814 1516 1831; x_wconf 89' lang='lat' dir='ltr'>a</span> <span class='ocrx_word' id='word_1_520' title='bbox 1538 1804 1677 1841; x_wconf 86' lang='lat' dir='ltr'>Principe</span> <span class='ocrx_word' id='word_1_521' title='bbox 1696 1804 1832 1831; x_wconf 82' lang='lat' dir='ltr'>Electore</span> <span class='ocrx_word' id='word_1_522' title='bbox 1856 1804 1979 1841; x_wconf 81' lang='lat' dir='ltr'>petendo</span> <span class='ocrx_word' id='word_1_523' title='bbox 2003 1804 2097 1831; x_wconf 86' lang='lat' dir='ltr'>facere</span> <span class='ocrx_word' id='word_1_524' title='bbox 2120 1813 2170 1840; x_wconf 89' lang='lat' dir='ltr'>po-</span> 
     </span>
     <span class='ocr_line' id='line_1_41' title="bbox 391 1847 2169 1886; baseline -0.002 -9"><span class='ocrx_word' id='word_1_525' title='bbox 391 1850 489 1878; x_wconf 89' lang='lat' dir='ltr'>tuisse.</span> <span class='ocrx_word' id='word_1_526' title='bbox 534 1849 709 1886; x_wconf 80' lang='lat' dir='ltr'>Quanquam</span> <span class='ocrx_word' id='word_1_527' title='bbox 733 1852 827 1875; x_wconf 88' lang='lat' dir='ltr'>autem</span> <span class='ocrx_word' id='word_1_528' title='bbox 858 1848 929 1875; x_wconf 90' lang='lat' dir='ltr'>nihil</span> <span class='ocrx_word' id='word_1_529' title='bbox 954 1852 1081 1882; x_wconf 82' lang='lat' dir='ltr'>constat,</span> <span class='ocrx_word' id='word_1_530' title='bbox 1112 1847 1188 1884; x_wconf 84' lang='lat' dir='ltr'>quod</span> <span class='ocrx_word' id='word_1_531' title='bbox 1218 1853 1408 1875; x_wconf 84' lang='lat' dir='ltr'>commeatum</span> <span class='ocrx_word' id='word_1_532' title='bbox 1431 1847 1486 1874; x_wconf 88' lang='lat' dir='ltr'>hoc</span> <span class='ocrx_word' id='word_1_533' title='bbox 1509 1854 1638 1884; x_wconf 75' lang='lat' dir='ltr'>tempore</span> <span class='ocrx_word' id='word_1_534' title='bbox 1662 1847 1790 1884; x_wconf 85' lang='lat' dir='ltr'>petierit,</span> <span class='ocrx_word' id='word_1_535' title='bbox 1819 1856 1905 1874; x_wconf 89' lang='lat' dir='ltr'>nemo</span> <span class='ocrx_word' id='word_1_536' title='bbox 1928 1851 2023 1874; x_wconf 83' lang='lat' dir='ltr'>tamen</span> <span class='ocrx_word' id='word_1_537' title='bbox 2046 1847 2169 1884; x_wconf 87' lang='lat' dir='ltr'>probare</span> 
     </span>
     <span class='ocr_line' id='line_1_42' title="bbox 391 1889 2171 1930; baseline -0.002 -10"><span class='ocrx_word' id='word_1_538' title='bbox 391 1896 501 1930; x_wconf 82' lang='lat' dir='ltr'>potest,</span> <span class='ocrx_word' id='word_1_539' title='bbox 531 1902 594 1919; x_wconf 88' lang='lat' dir='ltr'>eum</span> <span class='ocrx_word' id='word_1_540' title='bbox 618 1896 809 1919; x_wconf 81' lang='lat' dir='ltr'>commeatum</span> <span class='ocrx_word' id='word_1_541' title='bbox 832 1900 891 1918; x_wconf 90' lang='lat' dir='ltr'>non</span> <span class='ocrx_word' id='word_1_542' title='bbox 918 1891 1045 1927; x_wconf 86' lang='lat' dir='ltr'>petiisse.</span> <span class='ocrx_word' id='word_1_543' title='bbox 1091 1890 1247 1918; x_wconf 76' lang='lat' dir='ltr'>Praeterea</span> <span class='ocrx_word' id='word_1_544' title='bbox 1269 1895 1366 1918; x_wconf 82' lang='lat' dir='ltr'>autem</span> <span class='ocrx_word' id='word_1_545' title='bbox 1397 1899 1433 1917; x_wconf 82' lang='lat' dir='ltr'>ex</span> <span class='ocrx_word' id='word_1_546' title='bbox 1464 1890 1593 1927; x_wconf 79' lang='lat' dir='ltr'>epistolis</span> <span class='ocrx_word' id='word_1_547' title='bbox 1618 1890 1684 1918; x_wconf 87' lang='lat' dir='ltr'>Mel.</span> <span class='ocrx_word' id='word_1_548' title='bbox 1710 1891 1911 1927; x_wconf 86' lang='lat' dir='ltr'>cognoscitur,</span> <span class='ocrx_word' id='word_1_549' title='bbox 1947 1899 2010 1917; x_wconf 90' lang='lat' dir='ltr'>eum</span> <span class='ocrx_word' id='word_1_550' title='bbox 2036 1889 2171 1927; x_wconf 82' lang='lat' dir='ltr'>longiora</span> 
     </span>
     <span class='ocr_line' id='line_1_43' title="bbox 391 1933 2170 1971; baseline -0.002 -8"><span class='ocrx_word' id='word_1_551' title='bbox 391 1936 496 1963; x_wconf 88' lang='lat' dir='ltr'>itinera</span> <span class='ocrx_word' id='word_1_552' title='bbox 515 1944 603 1971; x_wconf 85' lang='lat' dir='ltr'>saepe</span> <span class='ocrx_word' id='word_1_553' title='bbox 625 1934 738 1968; x_wconf 86' lang='lat' dir='ltr'>fecisse,</span> <span class='ocrx_word' id='word_1_554' title='bbox 762 1939 793 1961; x_wconf 91' lang='lat' dir='ltr'>ut</span> <span class='ocrx_word' id='word_1_555' title='bbox 813 1934 1023 1968; x_wconf 87' lang='lat' dir='ltr'>Mansfeldiam,</span> <span class='ocrx_word' id='word_1_556' title='bbox 1048 1933 1288 1970; x_wconf 73' lang='lat' dir='ltr'>Magdeburgum,</span> <span class='ocrx_word' id='word_1_557' title='bbox 1312 1933 1493 1966; x_wconf 86' lang='lat' dir='ltr'>Wimariam,</span> <span class='ocrx_word' id='word_1_558' title='bbox 1515 1933 1764 1970; x_wconf 77' lang='lat' dir='ltr'>Braiideburguni,</span> <span class='ocrx_word' id='word_1_559' title='bbox 1789 1934 1897 1970; x_wconf 77' lang='lat' dir='ltr'>absque</span> <span class='ocrx_word' id='word_1_560' title='bbox 1917 1939 2087 1960; x_wconf 83' lang='lat' dir='ltr'>commeatu.</span> <span class='ocrx_word' id='word_1_561' title='bbox 2124 1933 2170 1960; x_wconf 85' lang='lat' dir='ltr'>Ex</span> 
     </span>
     <span class='ocr_line' id='line_1_44' title="bbox 393 1975 2170 2016; baseline -0.001 -11"><span class='ocrx_word' id='word_1_562' title='bbox 393 1977 516 2014; x_wconf 87' lang='lat' dir='ltr'>epistola</span> <span class='ocrx_word' id='word_1_563' title='bbox 539 1976 689 2016; x_wconf 80' lang='lat' dir='ltr'>Crucigeri</span> <span class='ocrx_word' id='word_1_564' title='bbox 709 1976 736 2004; x_wconf 88' lang='lat' dir='ltr'>d.</span> <span class='ocrx_word' id='word_1_565' title='bbox 761 1977 788 2004; x_wconf 91' lang='lat' dir='ltr'>d.</span> <span class='ocrx_word' id='word_1_566' title='bbox 816 1978 861 2005; x_wconf 73' lang='grc'>18.</span> <span class='ocrx_word' id='word_1_567' title='bbox 888 1978 960 2013; x_wconf 88' lang='lat' dir='ltr'>Apr.</span> <span class='ocrx_word' id='word_1_568' title='bbox 988 1977 1066 2005; x_wconf 74' lang='lat'>1538</span> <span class='ocrx_word' id='word_1_569' title='bbox 1094 1977 1233 2010; x_wconf 81' lang='lat' dir='ltr'>videmus,</span> <span class='ocrx_word' id='word_1_570' title='bbox 1258 1976 1476 2003; x_wconf 73' lang='lat' dir='ltr'>Melanthonem</span> <span class='ocrx_word' id='word_1_571' title='bbox 1500 1976 1592 2004; x_wconf 88' lang='lat' dir='ltr'>inscio</span> <span class='ocrx_word' id='word_1_572' title='bbox 1617 1976 1751 2013; x_wconf 82' lang='lat' dir='ltr'>Principe</span> <span class='ocrx_word' id='word_1_573' title='bbox 1771 1975 1904 2004; x_wconf 85' lang='lat' dir='ltr'>Electore</span> <span class='ocrx_word' id='word_1_574' title='bbox 1927 1975 2085 2012; x_wconf 86' lang='lat' dir='ltr'>profectum</span> <span class='ocrx_word' id='word_1_575' title='bbox 2107 1984 2170 2003; x_wconf 81' lang='lat' dir='ltr'>esse</span> 
     </span>
     <span class='ocr_line' id='line_1_45' title="bbox 393 2018 2171 2057; baseline -0.001 -9"><span class='ocrx_word' id='word_1_576' title='bbox 393 2020 585 2057; x_wconf 85' lang='lat' dir='ltr'>Brunsvigam</span> <span class='ocrx_word' id='word_1_577' title='bbox 609 2020 645 2047; x_wconf 86' lang='lat' dir='ltr'>ad</span> <span class='ocrx_word' id='word_1_578' title='bbox 670 2024 851 2047; x_wconf 82' lang='lat' dir='ltr'>conventum.</span> <span class='ocrx_word' id='word_1_579' title='bbox 896 2018 930 2046; x_wconf 91' lang='lat' dir='ltr'>In</span> <span class='ocrx_word' id='word_1_580' title='bbox 955 2018 1078 2056; x_wconf 87' lang='lat' dir='ltr'>epistola</span> <span class='ocrx_word' id='word_1_581' title='bbox 1101 2020 1137 2046; x_wconf 89' lang='lat' dir='ltr'>ad</span> <span class='ocrx_word' id='word_1_582' title='bbox 1161 2019 1304 2047; x_wconf 84' lang='lat' dir='ltr'>Bellaium</span> <span class='ocrx_word' id='word_1_583' title='bbox 1328 2019 1498 2055; x_wconf 80' lang='lat' dir='ltr'>Langaeum</span> <span class='ocrx_word' id='word_1_584' title='bbox 1521 2019 1548 2046; x_wconf 92' lang='lat' dir='ltr'>d.</span> <span class='ocrx_word' id='word_1_585' title='bbox 1573 2020 1600 2046; x_wconf 94' lang='lat' dir='ltr'>d.</span> <span class='ocrx_word' id='word_1_586' title='bbox 1626 2018 1674 2047; x_wconf 71' lang='lat'>28.</span> <span class='ocrx_word' id='word_1_587' title='bbox 1698 2020 1773 2055; x_wconf 86' lang='lat' dir='ltr'>Aug.</span> <span class='ocrx_word' id='word_1_588' title='bbox 1802 2019 1893 2052; x_wconf 84' lang='lat'>1535,</span> <span class='ocrx_word' id='word_1_589' title='bbox 1915 2018 1963 2045; x_wconf 88' lang='lat' dir='ltr'>ubi</span> <span class='ocrx_word' id='word_1_590' title='bbox 1985 2018 2113 2055; x_wconf 88' lang='lat' dir='ltr'>loquitur</span> <span class='ocrx_word' id='word_1_591' title='bbox 2137 2019 2171 2046; x_wconf 88' lang='lat' dir='ltr'>de</span> 
     </span>
     <span class='ocr_line' id='line_1_46' title="bbox 391 2060 2171 2101; baseline -0.001 -10"><span class='ocrx_word' id='word_1_592' title='bbox 391 2068 534 2101; x_wconf 85' lang='lat' dir='ltr'>potestate</span> <span class='ocrx_word' id='word_1_593' title='bbox 552 2064 607 2090; x_wconf 86' lang='lat' dir='ltr'>iter</span> <span class='ocrx_word' id='word_1_594' title='bbox 622 2062 746 2090; x_wconf 85' lang='lat' dir='ltr'>faciendi</span> <span class='ocrx_word' id='word_1_595' title='bbox 763 2062 792 2089; x_wconf 88' lang='lat' dir='ltr'>in</span> <span class='ocrx_word' id='word_1_596' title='bbox 810 2060 936 2090; x_wconf 84' lang='lat' dir='ltr'>Galliam</span> <span class='ocrx_word' id='word_1_597' title='bbox 954 2063 1010 2098; x_wconf 90' lang='lat' dir='ltr'>ipsi</span> <span class='ocrx_word' id='word_1_598' title='bbox 1028 2062 1171 2099; x_wconf 85' lang='lat' dir='ltr'>denegata</span> <span class='ocrx_word' id='word_1_599' title='bbox 1187 2071 1204 2089; x_wconf 88' lang='lat' dir='ltr'>a</span> <span class='ocrx_word' id='word_1_600' title='bbox 1216 2062 1362 2099; x_wconf 84' lang='lat' dir='ltr'>Principe,</span> <span class='ocrx_word' id='word_1_601' title='bbox 1374 2062 1469 2089; x_wconf 86' lang='lat' dir='ltr'>addit:</span> <span class='ocrx_word' id='word_1_602' title='bbox 1492 2071 1576 2097; x_wconf 85' lang='lat' dir='ltr'>„nam</span> <span class='ocrx_word' id='word_1_603' title='bbox 1596 2061 1660 2090; x_wconf 89' lang='lat' dir='ltr'>hoc</span> <span class='ocrx_word' id='word_1_604' title='bbox 1683 2066 1861 2099; x_wconf 89' lang='lat' dir='ltr'>tempore,</span> <span class='ocrx_word' id='word_1_605' title='bbox 1885 2070 1949 2089; x_wconf 91' lang='lat' dir='ltr'>cum</span> <span class='ocrx_word' id='word_1_606' title='bbox 1967 2061 2067 2089; x_wconf 83' lang='lat' dir='ltr'>schola</span> <span class='ocrx_word' id='word_1_607' title='bbox 2078 2070 2171 2090; x_wconf 89' lang='lat' dir='ltr'>seces-</span> 
     </span>
     <span class='ocr_line' id='line_1_47' title="bbox 392 2104 2171 2143; baseline -0.001 -9"><span class='ocrx_word' id='word_1_608' title='bbox 392 2106 462 2134; x_wconf 86' lang='lat' dir='ltr'>serit</span> <span class='ocrx_word' id='word_1_609' title='bbox 484 2110 602 2143; x_wconf 88' lang='lat' dir='ltr'>propter</span> <span class='ocrx_word' id='word_1_610' title='bbox 625 2104 834 2142; x_wconf 77' lang='lat' dir='ltr'>pestilentiam,</span> <span class='ocrx_word' id='word_1_611' title='bbox 865 2113 1018 2132; x_wconf 86' lang='lat' dir='ltr'>necesse</span> <span class='ocrx_word' id='word_1_612' title='bbox 1038 2105 1125 2132; x_wconf 88' lang='lat' dir='ltr'>mihi</span> <span class='ocrx_word' id='word_1_613' title='bbox 1144 2105 1293 2133; x_wconf 91' lang='lat' dir='ltr'>omnino</span> <span class='ocrx_word' id='word_1_614' title='bbox 1321 2105 1401 2139; x_wconf 84' lang='lat' dir='ltr'>fuit,</span> <span class='ocrx_word' id='word_1_615' title='bbox 1420 2114 1490 2132; x_wconf 89' lang='lat' dir='ltr'>rem</span> <span class='ocrx_word' id='word_1_616' title='bbox 1515 2105 1556 2132; x_wconf 88' lang='lat' dir='ltr'>ad</span> <span class='ocrx_word' id='word_1_617' title='bbox 1576 2105 1788 2142; x_wconf 83' lang='lat' dir='ltr'>Principem</span> <span class='ocrx_word' id='word_1_618' title='bbox 1808 2104 1989 2138; x_wconf 78' lang='lat' dir='ltr'>referre“;</span> <span class='ocrx_word' id='word_1_619' title='bbox 2013 2114 2049 2132; x_wconf 85' lang='lat' dir='ltr'>ex</span> <span class='ocrx_word' id='word_1_620' title='bbox 2068 2105 2171 2141; x_wconf 86' lang='lat' dir='ltr'>quibus</span> 
     </span>
     <span class='ocr_line' id='line_1_48' title="bbox 394 2147 2171 2186; baseline -0.002 -9"><span class='ocrx_word' id='word_1_621' title='bbox 394 2149 464 2177; x_wconf 88' lang='lat' dir='ltr'>satis</span> <span class='ocrx_word' id='word_1_622' title='bbox 487 2148 669 2186; x_wconf 78' lang='lat' dir='ltr'>perspicitur,</span> <span class='ocrx_word' id='word_1_623' title='bbox 693 2147 909 2175; x_wconf 87' lang='lat' dir='ltr'>Melanthonem</span> <span class='ocrx_word' id='word_1_624' title='bbox 934 2152 1123 2175; x_wconf 84' lang='lat' dir='ltr'>commeatum</span> <span class='ocrx_word' id='word_1_625' title='bbox 1148 2148 1184 2175; x_wconf 91' lang='lat' dir='ltr'>ad</span> <span class='ocrx_word' id='word_1_626' title='bbox 1205 2148 1260 2175; x_wconf 88' lang='lat' dir='ltr'>iter</span> <span class='ocrx_word' id='word_1_627' title='bbox 1278 2147 1431 2176; x_wconf 90' lang='lat' dir='ltr'>Coloniam</span> <span class='ocrx_word' id='word_1_628' title='bbox 1454 2147 1614 2175; x_wconf 78' lang='lat' dir='ltr'>faciendum</span> <span class='ocrx_word' id='word_1_629' title='bbox 1636 2153 1734 2184; x_wconf 79' lang='lat' dir='ltr'>petere</span> <span class='ocrx_word' id='word_1_630' title='bbox 1753 2147 1946 2175; x_wconf 79' lang='lat' dir='ltr'>necessarium</span> <span class='ocrx_word' id='word_1_631' title='bbox 1966 2156 2024 2175; x_wconf 91' lang='lat' dir='ltr'>non</span> <span class='ocrx_word' id='word_1_632' title='bbox 2043 2152 2171 2184; x_wconf 81' lang='lat' dir='ltr'>putasse.</span> 
     </span>
    </p>

    <p class='ocr_par' dir='ltr' id='par_1_7' title="bbox 394 2189 2174 2612">
     <span class='ocr_line' id='line_1_49' title="bbox 437 2189 2171 2226; baseline -0.001 -7"><span class='ocrx_word' id='word_1_633' title='bbox 437 2191 498 2219; x_wconf 87' lang='lat' dir='ltr'>Alii</span> <span class='ocrx_word' id='word_1_634' title='bbox 526 2191 648 2218; x_wconf 84' lang='lat' dir='ltr'>fortasse</span> <span class='ocrx_word' id='word_1_635' title='bbox 675 2190 827 2224; x_wconf 87' lang='lat' dir='ltr'>obiicient,</span> <span class='ocrx_word' id='word_1_636' title='bbox 858 2190 1089 2224; x_wconf 86' lang='lat' dir='ltr'>Melanthonem,</span> <span class='ocrx_word' id='word_1_637' title='bbox 1118 2191 1141 2217; x_wconf 92' lang='lat' dir='ltr'>si</span> <span class='ocrx_word' id='word_1_638' title='bbox 1166 2189 1336 2218; x_wconf 87' lang='lat' dir='ltr'>Liberorum</span> <span class='ocrx_word' id='word_1_639' title='bbox 1368 2189 1618 2219; x_wconf 88' lang='lat' dir='ltr'>Cementariorum</span> <span class='ocrx_word' id='word_1_640' title='bbox 1649 2192 1744 2219; x_wconf 88' lang='lat' dir='ltr'>socius</span> <span class='ocrx_word' id='word_1_641' title='bbox 1773 2190 1892 2221; x_wconf 85' lang='lat' dir='ltr'>fuisset,</span> <span class='ocrx_word' id='word_1_642' title='bbox 1917 2190 1946 2217; x_wconf 92' lang='lat' dir='ltr'>in</span> <span class='ocrx_word' id='word_1_643' title='bbox 1977 2190 2106 2226; x_wconf 85' lang='lat' dir='ltr'>epistolis</span> <span class='ocrx_word' id='word_1_644' title='bbox 2135 2190 2171 2217; x_wconf 86' lang='lat' dir='ltr'>ad</span> 
     </span>
     <span class='ocr_line' id='line_1_50' title="bbox 394 2232 2172 2270; baseline -0.001 -8"><span class='ocrx_word' id='word_1_645' title='bbox 394 2234 504 2262; x_wconf 88' lang='lat' dir='ltr'>ordinis</span> <span class='ocrx_word' id='word_1_646' title='bbox 528 2235 638 2266; x_wconf 89' lang='lat' dir='ltr'>socios,</span> <span class='ocrx_word' id='word_1_647' title='bbox 662 2237 694 2260; x_wconf 87' lang='lat' dir='ltr'>ut</span> <span class='ocrx_word' id='word_1_648' title='bbox 716 2232 984 2269; x_wconf 86' lang='lat' dir='ltr'>Hardenbergium,</span> <span class='ocrx_word' id='word_1_649' title='bbox 1009 2233 1194 2266; x_wconf 84' lang='lat' dir='ltr'>Probestam,</span> <span class='ocrx_word' id='word_1_650' title='bbox 1216 2234 1293 2261; x_wconf 85' lang='lat' dir='ltr'>haud</span> <span class='ocrx_word' id='word_1_651' title='bbox 1316 2234 1401 2261; x_wconf 88' lang='lat' dir='ltr'>dubie</span> <span class='ocrx_word' id='word_1_652' title='bbox 1424 2234 1510 2261; x_wconf 90' lang='lat' dir='ltr'>etiam</span> <span class='ocrx_word' id='word_1_653' title='bbox 1541 2235 1682 2270; x_wconf 83' lang='lat' dir='ltr'>quaedam</span> <span class='ocrx_word' id='word_1_654' title='bbox 1711 2234 1876 2270; x_wconf 87' lang='lat' dir='ltr'>scripsisse,</span> <span class='ocrx_word' id='word_1_655' title='bbox 1906 2242 1980 2270; x_wconf 85' lang='lat' dir='ltr'>quae</span> <span class='ocrx_word' id='word_1_656' title='bbox 2009 2233 2045 2260; x_wconf 88' lang='lat' dir='ltr'>ad</span> <span class='ocrx_word' id='word_1_657' title='bbox 2073 2242 2120 2262; x_wconf 85' lang='lat' dir='ltr'>res</span> <span class='ocrx_word' id='word_1_658' title='bbox 2144 2235 2172 2261; x_wconf 77' lang='lat' dir='ltr'>et</span> 
     </span>
     <span class='ocr_line' id='line_1_51' title="bbox 394 2274 2171 2314; baseline -0.001 -9"><span class='ocrx_word' id='word_1_659' title='bbox 394 2277 532 2314; x_wconf 87' lang='lat' dir='ltr'>mysteria</span> <span class='ocrx_word' id='word_1_660' title='bbox 554 2276 664 2304; x_wconf 86' lang='lat' dir='ltr'>ordinis</span> <span class='ocrx_word' id='word_1_661' title='bbox 688 2280 859 2313; x_wconf 80' lang='lat' dir='ltr'>spectarent.</span> <span class='ocrx_word' id='word_1_662' title='bbox 907 2274 993 2310; x_wconf 78' lang='lat' dir='ltr'>Quod</span> <span class='ocrx_word' id='word_1_663' title='bbox 1016 2285 1103 2312; x_wconf 91' lang='lat' dir='ltr'>quum</span> <span class='ocrx_word' id='word_1_664' title='bbox 1128 2285 1185 2303; x_wconf 90' lang='lat' dir='ltr'>non</span> <span class='ocrx_word' id='word_1_665' title='bbox 1204 2275 1319 2308; x_wconf 84' lang='lat' dir='ltr'>fecerit,</span> <span class='ocrx_word' id='word_1_666' title='bbox 1344 2277 1440 2313; x_wconf 81' lang='lat' dir='ltr'>sequi,</span> <span class='ocrx_word' id='word_1_667' title='bbox 1466 2287 1530 2304; x_wconf 85' lang='lat' dir='ltr'>eum</span> <span class='ocrx_word' id='word_1_668' title='bbox 1555 2286 1612 2303; x_wconf 89' lang='lat' dir='ltr'>non</span> <span class='ocrx_word' id='word_1_669' title='bbox 1637 2276 1726 2304; x_wconf 81' lang='lat' dir='ltr'>fuisse</span> <span class='ocrx_word' id='word_1_670' title='bbox 1758 2276 1867 2303; x_wconf 84' lang='lat' dir='ltr'>ordinis</span> <span class='ocrx_word' id='word_1_671' title='bbox 1896 2276 2018 2304; x_wconf 88' lang='lat' dir='ltr'>socium.</span> <span class='ocrx_word' id='word_1_672' title='bbox 2065 2275 2171 2303; x_wconf 88' lang='lat' dir='ltr'>Faten—</span> 
     </span>
     <span class='ocr_line' id='line_1_52' title="bbox 394 2317 2170 2356; baseline -0.001 -9"><span class='ocrx_word' id='word_1_673' title='bbox 394 2320 462 2347; x_wconf 87' lang='lat' dir='ltr'>dum</span> <span class='ocrx_word' id='word_1_674' title='bbox 482 2320 597 2356; x_wconf 89' lang='lat' dir='ltr'>quidem</span> <span class='ocrx_word' id='word_1_675' title='bbox 621 2324 678 2353; x_wconf 85' lang='lat' dir='ltr'>est,</span> <span class='ocrx_word' id='word_1_676' title='bbox 698 2318 737 2345; x_wconf 87' lang='lat' dir='ltr'>nil</span> <span class='ocrx_word' id='word_1_677' title='bbox 761 2318 790 2345; x_wconf 92' lang='lat' dir='ltr'>in</span> <span class='ocrx_word' id='word_1_678' title='bbox 814 2318 944 2354; x_wconf 82' lang='lat' dir='ltr'>epistolis</span> <span class='ocrx_word' id='word_1_679' title='bbox 967 2317 1035 2346; x_wconf 88' lang='lat' dir='ltr'>Mel.</span> <span class='ocrx_word' id='word_1_680' title='bbox 1059 2318 1133 2355; x_wconf 76' lang='lat' dir='ltr'>legi,</span> <span class='ocrx_word' id='word_1_681' title='bbox 1157 2319 1234 2355; x_wconf 87' lang='lat' dir='ltr'>quod</span> <span class='ocrx_word' id='word_1_682' title='bbox 1257 2319 1293 2346; x_wconf 82' lang='lat' dir='ltr'>ad</span> <span class='ocrx_word' id='word_1_683' title='bbox 1314 2328 1361 2347; x_wconf 89' lang='lat' dir='ltr'>res</span> <span class='ocrx_word' id='word_1_684' title='bbox 1384 2320 1493 2347; x_wconf 86' lang='lat' dir='ltr'>ordinis</span> <span class='ocrx_word' id='word_1_685' title='bbox 1517 2320 1676 2346; x_wconf 82' lang='lat' dir='ltr'>indubitate</span> <span class='ocrx_word' id='word_1_686' title='bbox 1699 2319 1881 2346; x_wconf 85' lang='lat' dir='ltr'>referendum</span> <span class='ocrx_word' id='word_1_687' title='bbox 1905 2319 1958 2352; x_wconf 83' lang='lat' dir='ltr'>sit,</span> <span class='ocrx_word' id='word_1_688' title='bbox 1978 2323 2054 2345; x_wconf 85' lang='lat' dir='ltr'>certe</span> <span class='ocrx_word' id='word_1_689' title='bbox 2077 2328 2094 2346; x_wconf 88' lang='lat' dir='ltr'>a</span> <span class='ocrx_word' id='word_1_690' title='bbox 2114 2328 2170 2354; x_wconf 84' lang='lat' dir='ltr'>me,</span> 
     </span>
     <span class='ocr_line' id='line_1_53' title="bbox 395 2360 2171 2398; baseline -0.001 -8"><span class='ocrx_word' id='word_1_691' title='bbox 395 2362 526 2398; x_wconf 80' lang='lat' dir='ltr'>quamvis</span> <span class='ocrx_word' id='word_1_692' title='bbox 548 2362 577 2390; x_wconf 92' lang='lat' dir='ltr'>in</span> <span class='ocrx_word' id='word_1_693' title='bbox 601 2361 630 2389; x_wconf 88' lang='lat' dir='ltr'>id</span> <span class='ocrx_word' id='word_1_694' title='bbox 653 2361 780 2394; x_wconf 89' lang='lat' dir='ltr'>intento,</span> <span class='ocrx_word' id='word_1_695' title='bbox 808 2360 880 2388; x_wconf 87' lang='lat' dir='ltr'>nihil</span> <span class='ocrx_word' id='word_1_696' title='bbox 904 2361 1045 2388; x_wconf 86' lang='lat' dir='ltr'>eiusmodi</span> <span class='ocrx_word' id='word_1_697' title='bbox 1073 2361 1220 2388; x_wconf 83' lang='lat' dir='ltr'>inventum</span> <span class='ocrx_word' id='word_1_698' title='bbox 1249 2370 1322 2390; x_wconf 85' lang='lat' dir='ltr'>esse.</span> <span class='ocrx_word' id='word_1_699' title='bbox 1368 2363 1409 2389; x_wconf 86' lang='lat' dir='ltr'>At</span> <span class='ocrx_word' id='word_1_700' title='bbox 1436 2372 1489 2390; x_wconf 89' lang='lat' dir='ltr'>nec</span> <span class='ocrx_word' id='word_1_701' title='bbox 1517 2362 1559 2390; x_wconf 87' lang='lat' dir='ltr'>sic</span> <span class='ocrx_word' id='word_1_702' title='bbox 1587 2371 1633 2389; x_wconf 89' lang='lat' dir='ltr'>res</span> <span class='ocrx_word' id='word_1_703' title='bbox 1658 2362 1818 2390; x_wconf 86' lang='lat' dir='ltr'>conficitur.</span> <span class='ocrx_word' id='word_1_704' title='bbox 1865 2360 1976 2389; x_wconf 89' lang='lat' dir='ltr'>Notum</span> <span class='ocrx_word' id='word_1_705' title='bbox 2007 2361 2082 2388; x_wconf 88' lang='lat' dir='ltr'>enim</span> <span class='ocrx_word' id='word_1_706' title='bbox 2118 2366 2171 2396; x_wconf 85' lang='lat' dir='ltr'>est,</span> 
     </span>
     <span class='ocr_line' id='line_1_54' title="bbox 395 2403 2173 2442; baseline -0.001 -10"><span class='ocrx_word' id='word_1_707' title='bbox 395 2403 587 2432; x_wconf 87' lang='lat' dir='ltr'>Cementariis</span> <span class='ocrx_word' id='word_1_708' title='bbox 610 2403 690 2431; x_wconf 92' lang='lat' dir='ltr'>nullo</span> <span class='ocrx_word' id='word_1_709' title='bbox 713 2404 799 2430; x_wconf 88' lang='lat' dir='ltr'>modo</span> <span class='ocrx_word' id='word_1_710' title='bbox 822 2403 936 2431; x_wconf 88' lang='lat' dir='ltr'>licuisse</span> <span class='ocrx_word' id='word_1_711' title='bbox 959 2403 1049 2430; x_wconf 91' lang='lat' dir='ltr'>ullum</span> <span class='ocrx_word' id='word_1_712' title='bbox 1074 2403 1156 2440; x_wconf 87' lang='lat' dir='ltr'>quid,</span> <span class='ocrx_word' id='word_1_713' title='bbox 1180 2404 1256 2441; x_wconf 91' lang='lat' dir='ltr'>quod</span> <span class='ocrx_word' id='word_1_714' title='bbox 1280 2404 1317 2432; x_wconf 86' lang='lat' dir='ltr'>ad</span> <span class='ocrx_word' id='word_1_715' title='bbox 1335 2404 1465 2432; x_wconf 82' lang='lat' dir='ltr'>ordinem</span> <span class='ocrx_word' id='word_1_716' title='bbox 1489 2409 1607 2442; x_wconf 85' lang='lat' dir='ltr'>spectet,</span> <span class='ocrx_word' id='word_1_717' title='bbox 1631 2404 1734 2432; x_wconf 83' lang='lat' dir='ltr'>litteris</span> <span class='ocrx_word' id='word_1_718' title='bbox 1757 2404 1910 2438; x_wconf 86' lang='lat' dir='ltr'>mandare,</span> <span class='ocrx_word' id='word_1_719' title='bbox 1934 2404 1980 2431; x_wconf 82' lang='lat' dir='ltr'>vel</span> <span class='ocrx_word' id='word_1_720' title='bbox 2003 2404 2079 2440; x_wconf 86' lang='lat' dir='ltr'>stylo</span> <span class='ocrx_word' id='word_1_721' title='bbox 2105 2413 2173 2431; x_wconf 80' lang='lat' dir='ltr'>exa-</span> 
     </span>
     <span class='ocr_line' id='line_1_55' title="bbox 395 2445 2172 2484; baseline 0.001 -11"><span class='ocrx_word' id='word_1_722' title='bbox 395 2455 474 2480; x_wconf 85' lang='lat' dir='ltr'>rare,</span> <span class='ocrx_word' id='word_1_723' title='bbox 498 2447 541 2474; x_wconf 89' lang='lat' dir='ltr'>vel</span> <span class='ocrx_word' id='word_1_724' title='bbox 564 2448 698 2484; x_wconf 87' lang='lat' dir='ltr'>pingere,</span> <span class='ocrx_word' id='word_1_725' title='bbox 722 2445 768 2473; x_wconf 87' lang='lat' dir='ltr'>vel</span> <span class='ocrx_word' id='word_1_726' title='bbox 791 2446 820 2473; x_wconf 90' lang='lat' dir='ltr'>in</span> <span class='ocrx_word' id='word_1_727' title='bbox 843 2446 969 2482; x_wconf 83' lang='lat' dir='ltr'>lapidem</span> <span class='ocrx_word' id='word_1_728' title='bbox 993 2446 1112 2473; x_wconf 86' lang='lat' dir='ltr'>caedere</span> <span class='ocrx_word' id='word_1_729' title='bbox 1134 2446 1180 2473; x_wconf 88' lang='lat' dir='ltr'>vel</span> <span class='ocrx_word' id='word_1_730' title='bbox 1199 2446 1258 2475; x_wconf 91' lang='lat' dir='ltr'>ullo</span> <span class='ocrx_word' id='word_1_731' title='bbox 1282 2456 1453 2483; x_wconf 88' lang='lat' dir='ltr'>quocunque</span> <span class='ocrx_word' id='word_1_732' title='bbox 1476 2448 1560 2475; x_wconf 86' lang='lat' dir='ltr'>modo</span> <span class='ocrx_word' id='word_1_733' title='bbox 1584 2452 1684 2475; x_wconf 88' lang='lat' dir='ltr'>notum</span> <span class='ocrx_word' id='word_1_734' title='bbox 1714 2447 1823 2481; x_wconf 82' lang='lat' dir='ltr'>facere;</span> <span class='ocrx_word' id='word_1_735' title='bbox 1854 2456 1956 2483; x_wconf 69' lang='lat' dir='ltr'>quare,</span> <span class='ocrx_word' id='word_1_736' title='bbox 1986 2447 2011 2475; x_wconf 90' lang='lat' dir='ltr'>si</span> <span class='ocrx_word' id='word_1_737' title='bbox 2042 2447 2087 2474; x_wconf 84' lang='lat' dir='ltr'>vel</span> <span class='ocrx_word' id='word_1_738' title='bbox 2111 2447 2172 2474; x_wconf 92' lang='lat' dir='ltr'>Me-</span> 
     </span>
     <span class='ocr_line' id='line_1_56' title="bbox 395 2487 2171 2526; baseline 0.001 -11"><span class='ocrx_word' id='word_1_739' title='bbox 395 2489 516 2517; x_wconf 86' lang='lat' dir='ltr'>lanthon</span> <span class='ocrx_word' id='word_1_740' title='bbox 532 2487 734 2517; x_wconf 85' lang='lat' dir='ltr'>Cementarius</span> <span class='ocrx_word' id='word_1_741' title='bbox 758 2488 852 2523; x_wconf 83' lang='lat' dir='ltr'>fuerit,</span> <span class='ocrx_word' id='word_1_742' title='bbox 876 2493 971 2516; x_wconf 89' lang='lat' dir='ltr'>tamen</span> <span class='ocrx_word' id='word_1_743' title='bbox 990 2489 1020 2515; x_wconf 91' lang='lat' dir='ltr'>in</span> <span class='ocrx_word' id='word_1_744' title='bbox 1039 2489 1169 2526; x_wconf 87' lang='lat' dir='ltr'>epistolis</span> <span class='ocrx_word' id='word_1_745' title='bbox 1192 2489 1232 2517; x_wconf 90' lang='lat' dir='ltr'>nil</span> <span class='ocrx_word' id='word_1_746' title='bbox 1254 2490 1414 2526; x_wconf 89' lang='lat' dir='ltr'>scripturus</span> <span class='ocrx_word' id='word_1_747' title='bbox 1437 2490 1539 2518; x_wconf 86' lang='lat' dir='ltr'>fuisset</span> <span class='ocrx_word' id='word_1_748' title='bbox 1563 2490 1598 2517; x_wconf 89' lang='lat' dir='ltr'>de</span> <span class='ocrx_word' id='word_1_749' title='bbox 1620 2490 1730 2524; x_wconf 79' lang='lat' dir='ltr'>ordine,</span> <span class='ocrx_word' id='word_1_750' title='bbox 1752 2490 1838 2526; x_wconf 88' lang='lat' dir='ltr'>idque</span> <span class='ocrx_word' id='word_1_751' title='bbox 1853 2500 1887 2517; x_wconf 85' lang='lat' dir='ltr'>eo</span> <span class='ocrx_word' id='word_1_752' title='bbox 1901 2490 1995 2517; x_wconf 88' lang='lat' dir='ltr'>minus</span> <span class='ocrx_word' id='word_1_753' title='bbox 2009 2499 2065 2526; x_wconf 88' lang='lat' dir='ltr'>quo</span> <span class='ocrx_word' id='word_1_754' title='bbox 2081 2489 2171 2526; x_wconf 80' lang='lat' dir='ltr'>magis</span> 
     </span>
     <span class='ocr_line' id='line_1_57' title="bbox 395 2531 2172 2570; baseline 0.001 -11"><span class='ocrx_word' id='word_1_755' title='bbox 395 2531 482 2559; x_wconf 91' lang='lat' dir='ltr'>dubia</span> <span class='ocrx_word' id='word_1_756' title='bbox 505 2536 566 2559; x_wconf 87' lang='lat' dir='ltr'>erat</span> <span class='ocrx_word' id='word_1_757' title='bbox 588 2532 638 2559; x_wconf 94' lang='lat' dir='ltr'>illo</span> <span class='ocrx_word' id='word_1_758' title='bbox 662 2536 790 2568; x_wconf 84' lang='lat' dir='ltr'>tempore</span> <span class='ocrx_word' id='word_1_759' title='bbox 813 2531 884 2559; x_wconf 84' lang='lat' dir='ltr'>fides</span> <span class='ocrx_word' id='word_1_760' title='bbox 907 2531 1131 2559; x_wconf 87' lang='lat' dir='ltr'>tabellariorum.</span> <span class='ocrx_word' id='word_1_761' title='bbox 1179 2531 1352 2569; x_wconf 85' lang='lat' dir='ltr'>Quanquam</span> <span class='ocrx_word' id='word_1_762' title='bbox 1376 2537 1472 2560; x_wconf 88' lang='lat' dir='ltr'>autem</span> <span class='ocrx_word' id='word_1_763' title='bbox 1503 2532 1582 2560; x_wconf 83' lang='lat' dir='ltr'>nulla</span> <span class='ocrx_word' id='word_1_764' title='bbox 1610 2533 1640 2560; x_wconf 91' lang='lat' dir='ltr'>in</span> <span class='ocrx_word' id='word_1_765' title='bbox 1671 2533 1800 2569; x_wconf 86' lang='lat' dir='ltr'>epistolis</span> <span class='ocrx_word' id='word_1_766' title='bbox 1823 2533 1890 2560; x_wconf 84' lang='lat' dir='ltr'>Mel.</span> <span class='ocrx_word' id='word_1_767' title='bbox 1910 2532 2044 2570; x_wconf 85' lang='lat' dir='ltr'>leguntur</span> <span class='ocrx_word' id='word_1_768' title='bbox 2075 2532 2172 2566; x_wconf 85' lang='lat' dir='ltr'>verba,</span> 
     </span>
     <span class='ocr_line' id='line_1_58' title="bbox 397 2573 2174 2612; baseline 0.001 -11"><span class='ocrx_word' id='word_1_769' title='bbox 397 2584 470 2611; x_wconf 88' lang='lat' dir='ltr'>quae</span> <span class='ocrx_word' id='word_1_770' title='bbox 493 2575 530 2601; x_wconf 87' lang='lat' dir='ltr'>ad</span> <span class='ocrx_word' id='word_1_771' title='bbox 551 2575 681 2602; x_wconf 87' lang='lat' dir='ltr'>ordinem</span> <span class='ocrx_word' id='word_1_772' title='bbox 707 2573 838 2603; x_wconf 87' lang='lat' dir='ltr'>Cement.</span> <span class='ocrx_word' id='word_1_773' title='bbox 863 2574 1027 2602; x_wconf 87' lang='lat' dir='ltr'>necessario</span> <span class='ocrx_word' id='word_1_774' title='bbox 1047 2574 1105 2602; x_wconf 83' lang='lat' dir='ltr'>sint</span> <span class='ocrx_word' id='word_1_775' title='bbox 1127 2574 1287 2609; x_wconf 77' lang='lat' dir='ltr'>referenda,</span> <span class='ocrx_word' id='word_1_776' title='bbox 1311 2580 1407 2603; x_wconf 87' lang='lat' dir='ltr'>tamen</span> <span class='ocrx_word' id='word_1_777' title='bbox 1432 2585 1468 2604; x_wconf 85' lang='lat' dir='ltr'>ex</span> <span class='ocrx_word' id='word_1_778' title='bbox 1486 2575 1590 2603; x_wconf 82' lang='lat' dir='ltr'>litteris</span> <span class='ocrx_word' id='word_1_779' title='bbox 1614 2580 1691 2604; x_wconf 83' lang='lat' dir='ltr'>certe</span> <span class='ocrx_word' id='word_1_780' title='bbox 1716 2575 1770 2603; x_wconf 90' lang='lat' dir='ltr'>hoc</span> <span class='ocrx_word' id='word_1_781' title='bbox 1792 2575 1978 2612; x_wconf 88' lang='lat' dir='ltr'>intelligitur,</span> <span class='ocrx_word' id='word_1_782' title='bbox 2009 2585 2073 2604; x_wconf 90' lang='lat' dir='ltr'>eum</span> <span class='ocrx_word' id='word_1_783' title='bbox 2096 2575 2174 2602; x_wconf 87' lang='lat' dir='ltr'>haud</span> 
     </span>
    </p>
   </div>
   <div class='ocr_carea' id='block_1_4' title="bbox 379 2633 1968 2660">
    <p class='ocr_par' dir='ltr' id='par_1_8' title="bbox 379 2633 1968 2660">
     <span class='ocr_line' id='line_1_59' title="bbox 379 2633 1968 2660; baseline -0.001 -1"><span class='ocrx_word' id='word_1_784' title='bbox 379 2640 525 2659; x_wconf 60' lang='lat' dir='ltr'><strong>MELANTH.</strong></span> <span class='ocrx_word' id='word_1_785' title='bbox 546 2640 627 2659; x_wconf 87' lang='lat' dir='ltr'><strong>OPER.</strong></span> <span class='ocrx_word' id='word_1_786' title='bbox 648 2640 710 2659; x_wconf 72' lang='lat' dir='ltr'>vot.</span> <span class='ocrx_word' id='word_1_787' title='bbox 730 2640 829 2660; x_wconf 75' lang='lat' dir='ltr'>xxvm.</span> <span class='ocrx_word' id='word_1_788' title='bbox 1943 2633 1968 2658; x_wconf 84' lang='lat' dir='ltr'>D</span> 
     </span>
    </p>
   </div>
  </div>
 </body>
</html>
