2299 2921
158 134 221 166 105

945 132 967 163 1.
1014 131 1223 164 ANNALES
1247 131 1391 163 VITAE.
2107 136 2170 168 106

158 230 228 260 Mai.
291 232 318 259 8.
342 231 431 259 Mittit
447 230 560 258 initium
587 229 798 265 „enarrationis
822 229 946 267 symboli
975 228 1110 257 Niceni“.

275 273 322 301 12.

277 359 324 388 13.

277 402 323 429 15.

273 486 321 515 26.

158 656 221 685 Iun.
233 657 290 685 3—
298 657 325 685 5.

278 743 324 770 10.

276 786 324 813 16.

277 829 322 856 19.

273 870 321 898 20.

271 913 320 942 22.

272 998 320 1027 25.

271 1042 320 1069 27.

269 1085 318 1112 30.

155 1169 208 1197 lul.

290 1170 318 1240 0250

290 1256 318 1283 8.

240 1298 322 1333 (10.)

151 1342 228 1378 Aug.
288 1342 316 1369 3.

293 1384 320 1411 4.

274 1427 320 1454 10.

273 1470 320 1497 13.

273 1512 321 1540 20.

268 1598 318 1626 23.

268 1683 317 1711 30.

270 1726 318 1753 31.

153 1809 233 1848 Sept.

295 1896 320 1924 ,ιι
293 1854 321 1882 :0
298 1812 313 1837 ω

271 1983 317 2010 13.

270 2025 317 2053 16.

272 2068 318 2096 18.

154 2109 219 2140 Oct.
294 2112 319 2139 3.

270 2283 315 2309 14.

268 2326 314 2353 16.

269 2368 315 2396 18.

270 2411 316 2438 19.

266 2453 315 2481 20.

266 2496 314 2524 24.

149 2537 225 2566 Nov.
268 2540 314 2567 11.

270 2583 315 2610 15.

347 274 450 301 Metuit
468 272 523 300 sibi
549 272 592 300 vel
615 280 760 299 carcerem
784 272 828 299 vel
853 272 981 300 exilium.
1027 270 1148 301 Scribit:
1186 270 1239 307 „In
1262 271 1401 308 Angliam
1425 280 1513 309 saepe
1536 272 1593 300 iam
1626 277 1744 301 vocatus
1767 281 1846 307 sum.
1882 278 1909 301 et
1942 271 2000 301 alifi
2035 279 2170 309 vocatum

381 316 432 345 sed
454 324 513 343 non
533 314 611 342 volui
634 314 681 341 hic
700 315 769 342 oriri
792 314 897 342 famam
920 315 1119 352 dissipationis
1142 323 1160 342 a
1181 324 1247 342 mea
1269 314 1452 342 timiditate.“

347 357 454 386 Scribit
479 356 611 394 Georgio
636 357 795 385 Anhaltino
821 358 1002 393 „orationem
1026 357 1228 395 synodicam“‚
1252 367 1338 394 quam
1362 357 1388 385 ei
1407 357 1493 385 mittit
1514 357 1542 385 d.
1568 357 1617 386 23.
1639 357 1720 387 Maii.

346 400 492 437 Theologi
510 400 733 436 Vitebergenses
756 400 885 427 iudicant
907 401 944 427 de
967 400 1089 428 articulo
1107 401 1137 427 in
1160 400 1260 428 libello
1283 400 1402 428 Interim
1425 401 1461 428 de
1483 400 1698 430 iustificatione.

349 443 459 472 Caesar
481 443 511 470 in
534 442 659 470 comitiis
684 443 864 478 Augustanis
881 443 969 470 tradit
991 443 1095 470 librum
1115 443 1234 470 Interim
1260 441 1420 471 Ordinibus
1443 444 1567 481 imperii.

346 485 448 514 Prodit
470 485 500 513 in
521 485 615 521 lucem
638 485 710 512 liber
735 485 863 513 Interim.
888 502 929 506 -—
953 484 1136 513 Camerarius
1158 486 1263 513 iterum
1287 490 1330 514 est
1351 486 1476 523 Lipsiae.
1522 486 1691 514 Melanthon
1725 486 1880 515 multorum
1914 487 2019 516 litteris
2050 491 2182 518 vocatur

380 529 410 556 in
434 528 581 565 Angliam.

345 572 500 599 Mauritius
524 576 647 599 exeunte
664 570 744 598 Maio
766 580 781 597 e
804 571 928 598 comitiis
952 571 1028 598 venit
1047 570 1201 605 Dresdam⁷
1224 576 1434 599 convocaturus
1455 572 1565 600 ordinis
1590 581 1660 600 suae
1683 573 1812 607 ditionis,
1835 577 1867 600 ut
1890 582 1954 602 cum
1976 573 2012 602 iis
2030 573 2170 603 deliberet

381 614 417 642 de
440 614 514 642 libro
538 613 659 641 Interim
681 618 731 640 aut
755 613 924 650 accipiendo
947 617 996 640 aut
1020 613 1212 650 reprobando.

345 657 530 693 (Melanthon
555 657 668 684 videtur
691 656 781 684 fuisse
805 657 882 692 apud
906 655 1069 693 Georgium
1094 657 1308 693 Anhaltinum.)

345 699 477 736 Lipsiam
497 704 616 727 vocatur
638 699 718 727 iussu
741 699 878 734 Maurifii,
904 704 933 726 ut
957 699 1132 727 deliberetur
1149 700 1185 727 de
1207 699 1282 727 libro
1311 698 1441 735 Interim,

346 742 398 770 sed
420 751 491 770 mox
512 751 577 770 cum
600 741 790 779 Pfeffingero,
812 741 968 779 Lipsimsi,
992 742 1063 769 redit
1086 742 1280 780 Vitebergam.

346 784 496 812 Prolixum
517 785 660 813 Iudicium
683 785 901 821 Theologorum
924 785 1175 822 Vitebergensium
1199 789 1228 812 et
1248 784 1419 822 Pfeffingeri
1449 786 1484 813 de
1507 785 1581 814 libro
1605 788 1788 823 Augustano.

347 827 517 855 Melanthon
541 828 731 865 apographon
756 828 839 855 huius
863 828 961 855 iudicii
985 828 1072 855 mittit
1095 827 1306 864 Meienburgio⁷
1330 826 1470 865 Cruciger
1493 829 1561 856 item
1585 829 1721 867 Regeno,
1745 831 1795 866 qui
1818 830 1889 858 illud
1913 830 2084 868 divulgavit.

344 870 426 898 Idem
448 871 587 899 iudicium
611 872 732 898 mittitur
751 870 819 897 Vito
843 871 1006 899 Theodoro.

345 913 556 951 Meienburgio,
575 913 688 941 consuli
710 913 909 945 NorthusauQ
935 913 1042 944 scribit.
1065 913 1133 949 quid
1156 912 1330 949 Imperatori
1353 914 1387 940 dt>
1412 914 1485 942 libro
1507 916 1679 952 Augustano
1711 915 1747 943 ab
1779 915 1849 944 urbe
1880 915 2032 945 Northusa
2049 926 2169 956 respon-

377 956 503 984 dendum
532 957 577 985 sit.

344 999 456 1027 Eadem
481 1000 515 1027 de
538 1009 570 1027 re
593 999 715 1027 consilia
738 999 785 1026 dat
810 998 936 1026 Nicolao
961 997 1099 1032 Medlero,
1122 996 1377 1035 Superintendenti
1400 1000 1666 1029 Brunsvicensium.

346 1041 488 1070 Iudicium
511 1042 547 1069 de
569 1042 643 1070 libro
668 1042 787 1069 Interim
812 1041 931 1069 mittitur
956 1041 1101 1068 Mauritio.

345 1084 425 1112 Idem
453 1085 592 1112 iudicium
620 1085 796 1121 descriptum
833 1084 918 1111 mittit
943 1083 1164 1117 Buchliolzero,
1188 1085 1354 1120 praeposito
1378 1084 1569 1114 Berolinensi.
1595 1103 1634 1106 —
1662 1085 1728 1115 Hoc
1751 1087 1797 1115 die
1827 1088 1859 1115 fit
1889 1088 1954 1116 finis
1977 1087 2168 1117 comitiorum

378 1128 626 1163 Augustanorum.

342 1168 511 1198 Conventus
531 1170 664 1198 ordinum
684 1170 817 1204 Misniae,
840 1170 876 1196 ad
900 1179 983 1205 quein
1008 1170 1094 1196 etiam
1118 1169 1287 1197 Melanthon
1314 1171 1513 1207 proficiscitur.

311 1233 317 1239 .
342 1211 483 1240 Iudicium
508 1212 656 1250 prolixum
679 1212 897 1249 'theologorum
921 1213 950 1240 in
975 1218 1119 1240 conventu
1142 1212 1288 1240 traditum.

344 1255 540 1283 Melanthonis
562 1256 699 1292 scriptum
724 1255 758 1282 de
782 1255 986 1283 iustificatione
1011 1260 1037 1282 vt
1061 1256 1097 1283 de
1117 1255 1201 1283 bonis
1225 1256 1368 1292 operibus.

342 1297 511 1326 Melanthon
535 1299 610 1325 redit
634 1298 831 1334 Vitebergam.

340 1340 428 1368 Mittit
450 1341 552 1368 amicis
576 1341 686 1369 vitam
711 1340 934 1378 Hieronymi.

344 1382 453 1411 Iterum
476 1384 506 1411 in
530 1383 667 1420 Angliam
693 1388 812 1412 vocatur
834 1393 852 1410 a
875 1381 1043 1411 Cranmero.

343 1425 487 1463 Theologi
512 1426 737 1463 Vitebergenses
759 1427 794 1454 de
817 1426 891 1454 libro
916 1428 1088 1463 Augustano
1109 1426 1239 1455 scribunt
1262 1427 1298 1454 ad
1322 1426 1492 1464 Theologos
1511 1429 1752 1466 Argentinenses.

345 1469 386 1496 Io.
408 1469 550 1506 Agricola
568 1470 716 1497 invehitur
739 1470 768 1497 in
793 1469 1019 1497 Melanthonem.

345 1511 412 1539 Mel.
436 1511 584 1548 praefatur
606 1513 636 1539 in
662 1513 869 1540 orationem
887 1512 1049 1550 Lycurgi
1074 1518 1206 1540 contra
1228 1511 1455 1542 Leocratem.
1485 1512 1685 1549 (conferenda
1704 1520 1770 1544 sunt
1792 1526 1865 1552 quae
1886 1522 2011 1546 exeunte
2029 1518 2166 1555 Augusto

376 1554 411 1581 de
430 1554 485 1582 hoc
503 1555 602 1582 libello
622 1555 738 1591 scripsit
757 1555 970 1592 Christophoro
993 1556 1168 1591 Pannonio.)

342 1597 409 1624 Mel.
434 1602 478 1624 est
501 1598 531 1625 in
555 1602 695 1625 conventu
721 1598 902 1634 Pogaviensi.

344 1640 376 1667 In
399 1640 493 1668 reditu
517 1646 575 1668 tres
597 1641 660 1668 dies
684 1646 879 1669 commoratur
902 1641 1029 1678 Lipsiae.

341 1683 396 1711 Est
418 1683 521 1711 iterum
546 1683 729 1721 Vitebcrgae.
1030 1681 1034 1684 ’

341 1726 498 1754 Inter-cedit
521 1735 574 1764 pro
598 1727 682 1754 vidua
706 1726 837 1755 Luthcri.
863 1743 899 1746 -ν
925 1727 1065 1764 Cruciger
1087 1727 1251 1764 periculose
1275 1733 1414 1764 aegrotat.

344 1767 467 1797 Carolus
490 1770 651 1806 Imperator
674 1770 811 1807 postulat,
834 1776 865 1797 ut
892 1770 1042 1797 Mauritius
1066 1770 1282 1797 Melanthonem
1307 1780 1343 1798 ex
1365 1772 1449 1799 terris
1469 1771 1529 1799 suis
1552 1772 1687 1809 expellat.

317 1832 323 1838 .
346 1811 414 1840 Mel.
436 1812 587 1840 intercedit
610 1822 663 1850 pro
687 1813 773 1840 vidua
791 1812 911 1840 Luthuri
935 1813 1013 1850 apud
1038 1813 1147 1849 Regem
1167 1813 1290 1841 Daniae.

345 1854 465 1891 Colligit
488 1855 528 1883 Io.
553 1853 667 1891 Stig⁴²lii
691 1856 833 1889 Psalmos,
859 1865 932 1893 quos
957 1856 1086 1884 editurus
1109 1862 1160 1884 est.

345 1898 458 1925 Adsunt
483 1898 658 1934 Vitebergae
689 1899 910 1927 concionatores
940 1899 1028 1935 aliqui
1053 1899 1133 1927 missi
1157 1909 1193 1926 ex
1220 1900 1365 1934 Ansbach,
1393 1900 1497 1936 quibus
1516 1900 1583 1928 Mel.
1609 1902 1696 1929 tradit
1729 1902 1880 1939 epistolam
1904 1904 1940 1931 de
1962 1904 2037 1932 libro
2061 1906 2162 1942 Augu—

375 1945 459 1968 stano
480 1941 517 1968 ad
541 1940 700 1969 Francicos
723 1942 949 1970 concionatores.

340 1981 517 2020 Expatiatur
541 1992 604 2010 cum
629 1983 764 2012 Forstero
787 1985 824 2012 ad
848 1984 1009 2021 Georgium
1036 1985 1233 2013 Anhaltinum.

340 2024 481 2062 Cruciger
502 2026 663 2063 periculose
687 2032 826 2064 aegrotat.

344 2068 411 2097 Mel.
436 2074 551 2096 enarrat
572 2069 603 2096 in
626 2069 727 2097 schola
750 2070 902 2106 epistolam
926 2072 961 2098 ad
986 2071 1146 2099 Romanos.

343 2109 450 2139 Scribit
478 2112 507 2140 in
533 2121 615 2139 usum
640 2111 761 2149 Georgii
776 2113 925 2141 Anhahini
949 2115 1109 2142 orationem
1134 2115 1169 2142 de
1191 2114 1282 2142 dicto:
1309 2114 1562 2151 „Fundamentum
1579 2116 1655 2143 aliud
1677 2116 1744 2153 poni
1772 2125 1831 2144 non
1852 2120 1965 2154 potest“
1987 2122 2050 2154 etc.a
2073 2128 2158 2156 quam

377 2155 402 2182 ei
424 2155 515 2182 mittit
536 2155 562 2182 d.
589 2157 616 2183 9.
636 2153 699 2183 Oct.

340 2197 427 2224 Mittit
451 2198 487 2225 ad
510 2199 620 2226 amicos
643 2199 803 2226 orationem
825 2199 860 2226 de
883 2199 973 2227 tribus
996 2199 1105 2227 farinae
1129 2200 1209 2228 satis.

309 2261 315 2267 .
341 2240 465 2268 Enarrat
486 2250 516 2268 in
538 2240 639 2269 schola
661 2240 820 2269 Pindarum
845 2249 873 2268 et
894 2241 1102 2270 Demosthenis
1125 2243 1285 2270 orationem
1310 2244 1346 2270 de
1370 2253 1486 2272 corona.

341 2283 429 2310 Mittit
442 2282 575 2321 Georgio
594 2284 755 2312 Anhaltiuo
779 2289 917 2312 annotata
934 2285 1074 2321 quaedam
1095 2285 1130 2312 de
1150 2286 1292 2313 sacrificio
1306 2286 1425 2322 Missae,
1447 2297 1520 2323 quae
1541 2287 1694 2323 scripserat
1714 2288 1749 2315 ad
1769 2289 1989 2318 concionatores
2001 2289 2157 2320 Halenses.

340 2325 469 2353 Vocatur
491 2327 669 2364 Torgaviam
693 2328 728 2355 ad
753 2332 936 2355 conventum.

339 2367 507 2397 Conventus
531 2370 666 2398 ordinum
690 2370 879 2398 Misnensium
903 2370 1081 2406 Torgaviae,
1107 2371 1223 2399 habitus
1246 2371 1282 2399 de
1305 2373 1396 2400 sacris
1419 2383 1455 2400 ex
1479 2372 1615 2400 mandato
1634 2372 1767 2401 Caesaris
1791 2374 1983 2403 instituendis.

342 2410 440 2438 Prima
463 2412 556 2440 forma
579 2412 698 2440 Interim
723 2413 848 2448 Misnici,
874 2413 917 2440 vel
942 2413 1052 2450 Lipsici
1073 2416 1118 2449 (ut
1141 2418 1243 2451 postea
1264 2415 1477 2452 appellabatur)
1502 2415 1654 2452 profertur.

339 2453 511 2482 Melanthon
534 2455 722 2492 Vitebergam
746 2456 830 2491 redit,
852 2456 970 2484 minime
992 2460 1145 2485 contentus
1168 2466 1232 2485 cum
1256 2458 1340 2486 aulae
1361 2459 1498 2486 consiliis.

338 2496 473 2524 Alterum
497 2498 636 2534 scriptum
659 2499 695 2526 de
719 2500 861 2527 sacrificio
885 2500 1050 2534 conscribit,
1073 2500 1242 2528 mittendum
1268 2500 1341 2529 Iulio
1367 2501 1491 2538 Pflugio.

340 2539 468 2567 Vocatus
491 2546 533 2568 est
557 2550 621 2568 cum
644 2540 836 2578 Bugenhagio
861 2548 888 2568 et
911 2540 1080 2570 Camerario
1103 2542 1138 2570 ad
1160 2548 1333 2571 conventum
1358 2542 1498 2572 Ordinum
1525 2544 1671 2573 Misnicor.
1698 2545 1727 2572 in
1752 2546 1927 2574 monasterio
1950 2546 2040 2575 Cella.

340 2582 536 2610 Proficiscitur
559 2581 680 2612 Cellam.
