2299 2921
172 96 237 129 339
818 95 1004 128 PHILIPPI
1026 96 1303 130 MELANTHON
1306 98 1344 129 IS
1368 97 1528 130 OPERA.

216 191 286 220 Misi
307 189 437 219 Luthero
460 190 567 218 Buceri
590 189 700 219 literas,
716 189 758 225 ΙΙ,
783 191 854 221 314.

217 234 286 263 Misi
308 234 360 262 tibi
383 242 475 270 nuper
498 233 667 261 versiculos.
691 233 745 269 IV,
770 234 841 262 796.

217 277 297 305 Misit
318 276 391 305 mihi
414 275 523 303 Paulus
546 275 669 305 Eberus.
693 275 749 311 ΠΙ,
776 277 866 307 1021,

218 320 305 348 Mitto
329 319 401 346 duas
422 318 565 355 pagellas.
589 318 627 353 V,
652 318 723 348 208.

219 363 305 390 Mitto
327 361 380 389 tibi
404 360 533 398 collegae
551 361 603 389 tui.
626 360 682 395 III,
707 362 777 392 894.

218 404 304 433 Mitto
327 404 380 431 tibi
398 402 523 438 εἰκόνας.
547 403 604 438 ΙΙΙ,
629 404 698 433 194.

218 447 305 475 Mitto
329 446 381 474 tibi
401 445 523 474 Lutheri
546 444 740 485 αὐτόγραφον.
763 445 819 482 ΙΠ,
843 447 914 477 957.

219 490 306 518 Mitto
329 489 381 516 tibi
405 489 459 516 viri
483 489 593 526 optimi.
619 488 673 524 VI,
699 489 770 518 237.

220 532 330 560 Multae
349 541 396 559 me
418 531 620 559 hortabuntur.
644 531 698 566 IV,
723 533 794 561 641.

220 575 329 603 Multas
351 574 452 612 accepi
476 574 577 602 eodem
599 579 740 611 tempore.
763 574 820 610 ΠΙ,
845 576 917 605 954.

221 617 322 646 Multis
344 618 438 646 modis
461 617 627 654 affligimur,
650 618 691 645 mi
714 617 752 645 V.
785 617 825 653 Π,
851 618 921 649 126.

220 659 333 688 Narrat
354 659 393 688 D.
415 660 626 698 Hieronymus,
650 670 705 688 me.
728 660 781 695 IV,
806 661 878 691 607.

220 702 377 731 Nicolaum
400 703 495 737 Eirer,
519 703 555 730 de
579 713 645 740 quo.
669 702 727 738 ΙΠ,
750 704 821 732 505.

220 745 305 773 Nihil
327 746 357 773 in
379 746 440 773 vita
462 746 532 773 mihi
557 746 677 776 dulcius.
702 746 739 781 V,
764 747 836 776 897.

219 788 305 816 Nihil
328 788 424 816 simile
448 788 514 816 vidi.
540 788 577 823 V,
602 789 674 818 303.

219 830 292 859 Non
316 831 473 868 cogitarem
496 831 533 858 de
555 829 741 869 Syngrapha.
766 831 821 866 nl,
845 832 916 862 336.

219 873 290 902 Non
313 874 461 902 dubitatur
483 875 518 902 de
540 874 672 911 privatis.
696 873 748 909 VI,
773 875 844 904 666.

220 916 291 945 Non
315 917 426 951 dubito,
451 921 479 944 et
501 917 664 953 opiniones.
688 916 741 952 VI,
768 917 836 947 197.

219 959 290 988 Non
310 960 422 994 dubito,
444 969 555 987 moram
574 960 728 988 tabellarii.
751 959 804 995 VI,
830 960 900 990 665.

219 1001 290 1030 Nou
311 1003 422 1037 dubito,
443 1003 552 1030 multos
575 1002 724 1031 honestos.
747 1002 799 1037 VI,
826 1003 875 1032 68.

220 1044 290 1073 Non
313 1046 425 1080 dubito,
449 1046 519 1082 quin
541 1055 655 1082 parum.
678 1045 735 1080 III,
762 1046 852 1075 1017.

219 1087 290 1117 Nou
312 1089 426 1125 ignoro,
450 1088 544 1124 qualis
566 1089 663 1116 suerit.
688 1087 744 1123 111,
769 1088 819 1118 65.

218 1130 290 1158 Non
313 1131 395 1159 licuit
414 1131 493 1159 mihi.
517 1129 574 1166 ΙΙΙ,
600 1130 669 1160 238.

219 1173 290 1201 Non
313 1173 419 1202 mortui
442 1173 612 1201 laudabunt.
636 1173 690 1207 VI,
717 1174 786 1203 133.

219 1216 291 1244 Non
312 1225 477 1244 onerassem
500 1221 529 1244 te
552 1216 659 1244 officio.
682 1215 739 1251 ΙΠ,
760 1215 830 1245 372.

219 1258 291 1286 Non
314 1268 435 1297 possum
458 1259 581 1296 prolixe.
606 1258 643 1293 V,
668 1259 739 1288 816.

219 1301 289 1329 Nou
312 1310 432 1339 possum
455 1301 551 1329 verbis
572 1302 720 1338 consequi.
744 1300 784 1336 Π,
810 1302 879 1331 141.

219 1343 290 1371 Non
314 1345 396 1382 potui
418 1345 584 1381 impetrare.
606 1343 646 1378 Π,
671 1344 742 1373 328.

219 1386 291 1414 Non
314 1387 436 1415 vacabat
458 1388 514 1415 hoc
537 1392 677 1424 tempore.
702 1386 758 1421 ΙΠ,
779 1387 850 1416 587.

220 1429 361 1458 Nondum
385 1430 525 1458 habemus
547 1428 763 1469 καταστροφήν.
785 1429 826 1466 ΙΙ,
850 1431 920 1460 361.

221 1472 339 1500 Norunt
363 1473 564 1501 adolescentes
588 1473 754 1501 amicitiam.
778 1473 832 1509 IV,
856 1474 927 1503 645.

221 1515 286 1544 Nos
310 1525 378 1544 vcro
398 1514 542 1544 Carolum.
566 1515 604 1550 V,
629 1515 700 1545 224.

219 1558 338 1586 Novum
362 1559 432 1587 mihi
455 1558 503 1586 hic
527 1563 684 1587 certamen.
706 1557 762 1593 ΠΙ,
787 1559 858 1589 841.

220 1601 341 1630 Nullius
361 1606 441 1629 tanta
464 1606 508 1630 est
530 1601 707 1638 eloquentia.
730 1601 768 1637 V,
793 1601 864 1632 258.

218 1644 323 1681 Nuper
344 1645 382 1673 ad
401 1652 429 1672 te
453 1645 489 1672 de
510 1643 650 1681 Georgio.
675 1643 728 1679 VI,
753 1645 823 1675 302.

219 1686 359 1715 Officium
383 1692 474 1723 tuum,
498 1688 537 1716 mi
560 1686 608 1721 V.,
630 1687 694 1716 fuit.
720 1687 760 1722 II,
786 1687 835 1717 62.

219 1728 298 1758 Olim
322 1731 428 1759 dicitur
450 1732 574 1758 Astraea
593 1729 679 1766 pulsa
701 1740 746 1759 ex.
772 1730 826 1766 VI,
851 1730 922 1761 583.

219 1772 364 1802 Omnibus
387 1774 568 1811 temporibus
591 1773 753 1802 Ecclesiae.
778 1773 832 1809 VI,
857 1774 927 1804 299.

219 1815 333 1853 Opinor
356 1816 408 1844 tibi
431 1815 632 1853 Crucigerum.
656 1814 713 1851 ΙΙΙ,
738 1817 808 1846 357.

218 1858 353 1895 optarim
379 1860 512 1896 equidem
535 1859 728 1895 Hieronymo.
750 1859 786 1893 V.
811 1860 860 1890 61.

218 1900 297 1938 Opto
320 1911 357 1929 ex
376 1903 485 1937 animo,
508 1908 539 1929 ut
557 1902 648 1930 Deus.
671 1901 726 1937 III,
752 1902 823 1932 602.

218 1943 280 1973 Oro
305 1944 463 1979 Christum,
487 1950 517 1973 ut
537 1945 705 1981 coniugium
728 1949 818 1973 tuum.
842 1944 882 1980 Π,
907 1946 979 1977 978,

218 1985 278 2015 Oro
301 1987 408 2022 Deum,
432 1988 548 2016 Patrem
572 2004 623 2015 —.
647 1987 707 2015 Hie
730 1992 930 2026 expectantur.
954 1990 1010 2027 ΙΠ,
1032 1992 1125 2022 1130,

217 2029 278 2058 Oro
301 2030 398 2058 Deum
420 2030 540 2059 Patrem
562 2048 613 2060 —-.
638 2029 728 2059 Visus
751 2036 802 2058 est.
820 2031 874 2067 IV,
898 2033 969 2064 523.

218 2071 365 2101 Osiandro
389 2074 467 2102 dices
490 2083 537 2101 me
560 2078 686 2102 nactum.
712 2073 752 2108 ΙΙ,
777 2075 847 2104 438.

216 2115 315 2143 Paene
337 2116 445 2145 oblitus
468 2126 547 2145 eram
568 2117 692 2145 mittere.
716 2116 772 2152 III,
793 2118 864 2147 955.

216 2158 281 2186 Pax
304 2159 414 2196 optima
435 2169 541 2188 rerum.
564 2159 620 2194 ΙΠ,
642 2160 712 2189 609.

214 2200 362 2230 Pindarus
384 2203 477 2239 inquit
500 2201 638 2231 παλαιὸν.
662 2201 719 2237 ΙΙΙ,
744 2203 815 2232 568.

215 2243 378 2281 Postquam
401 2246 471 2274 satis
493 2255 539 2273 me
559 2246 724 2275 exercuisti.
748 2244 806 2280 III,
830 2247 900 2276 771.

211 2287 428 2315 Praefationem
450 2289 480 2316 in
501 2288 705 2326 Alfiaganum.
729 2288 786 2322 ΙΠ,
810 2289 881 2317 392.

210 2329 340 2358 Primam
363 2331 464 2368 accepi
486 2331 562 2359 hanc
581 2341 598 2359 a
621 2336 658 2359 te.
681 2330 736 2367 VI,
761 2332 830 2361 177.

210 2371 329 2401 Priores
352 2378 419 2401 tuae
440 2374 551 2403 literae.
576 2373 629 2409 IV,
655 2374 727 2403 657.

209 2415 385 2453 Priusquam
408 2421 475 2445 tuus
498 2418 632 2446 nuncius.
658 2417 711 2451 VI,
736 2417 808 2446 371.

207 2457 440 2487 Proficiscuntur
462 2460 492 2487 iu
515 2459 640 2488 Italiam.
663 2459 720 2495 ΙΠ,
745 2461 816 2489 569.

207 2500 425 2539 Propemodum
443 2503 516 2530 mihi
537 2507 631 2540 turpe.
656 2502 713 2538 III,
738 2504 809 2532 500.

207 2543 291 2579 Quae
313 2545 348 2573 de
369 2554 474 2582 graeco
496 2546 620 2583 hospite.
645 2545 703 2582 ΠΙ,
728 2546 819 2575 1033.

1251 191 1369 228 Quaeso
1389 198 1427 228 te,
1450 193 1491 221 mi
1513 193 1562 228 V.,
1584 198 1624 222 ut.
1646 193 1687 229 II,
1711 194 1760 224 46.

2121 102 2185 134 340

1250 235 1337 271 Quod
1359 235 1444 264 faust.
1468 241 1495 264 et
1517 236 1589 264 felix
1611 237 1658 272 sit,
1678 236 1787 266 Cariss.
1805 237 1883 274 Vite,
1906 239 1994 268 venit.
2017 239 2055 275 V,
2080 240 2128 270 70.

1251 277 1337 314 Quod
1360 278 1446 306 faust.
1476 283 1504 306 et
1526 279 1598 307 felix
1622 280 1668 313 sit,
1692 280 1887 317 proficiscitur
1909 283 1948 311 ad
1971 291 2023 311 vos
2046 283 2187 321 Magister

1294 320 1447 350 Nicolaus.
1471 320 1524 356 VI,
1548 322 1619 352 216.

1251 362 1338 399 Quod
1361 363 1448 392 faust.
1473 369 1501 392 et
1523 364 1594 392 felix
1615 365 1663 400 sit,
1685 365 1760 393 redii
1783 375 1830 396 ex.
1853 367 1890 402 V,
1917 368 1986 397 158.

1251 405 1339 442 Quod
1362 406 1446 434 faust.
1470 406 1569 444 felixq.
1593 408 1639 442 sit,
1663 408 1736 436 redii
1758 407 1967 447 Witebergam.
1991 410 2048 448 111,
2070 412 2141 442 185.

1251 448 1339 484 Quod
1359 449 1390 476 in
1411 449 1463 477 illa
1485 450 1589 487 prima.
1613 450 1651 485 V,
1671 450 1742 480 423.

1253 491 1341 527 Quod
1362 492 1517 529 significas,
1540 493 1584 521 Te
1606 493 1757 531 scriptum.
1788 493 1845 529 III,
1868 495 1938 525 545.

1251 534 1345 562 Recte
1368 535 1535 572 suspicaris,
1558 536 1598 563 mi
1618 536 1695 565 Vite.
1718 535 1772 575 IV,
1796 538 1864 567 150.

1251 576 1366 605 Reddet
1387 578 1439 605 tibi
1456 578 1531 606 hanc
1552 579 1703 615 epistolam
1726 579 1873 617 Magister.
1898 580 1935 615 V,
1960 581 2031 611 752.

1252 619 1390 648 Redeunt
1410 620 1440 648 in
1462 620 1592 649 Patriam
1616 622 1803 659 Memingam.
1827 623 1881 657 IV,
1906 623 1977 654 783.

1253 662 1402 691 Reversus
1425 672 1462 690 ex
1484 663 1634 692 Nundinis
1652 664 1779 693 invenio.
1804 665 1860 701 ΙΠ,
1885 666 1935 696 70.

1254 705 1347 734 Rides
1370 706 1493 734 fortasse
1516 716 1604 734 meas.
1627 706 1684 741 III,
1710 708 1781 737 634.

1254 747 1349 786 Saepe
1371 749 1426 776 hac
1449 749 1625 786 cogitatione
1647 759 1703 777 me.
1727 749 1797 783 VII,
1822 751 1892 780 312.

1254 789 1360 828 Saepe,
1382 791 1421 819 mi
1445 791 1522 826 Vite,
1545 801 1597 819 vos
1621 792 1799 820 adhortatus.
1822 793 1859 828 V,
1884 793 1956 822 206.

1254 832 1408 871 Sapientes
1431 833 1540 870 ubique
1561 834 1601 862 iu.
1624 834 1662 869 V,
1687 835 1759 864 874.

1253 874 1367 904 Scimus
1389 886 1455 904 vere
1473 875 1578 905 Deum.
1600 876 1654 911 VI,
1678 877 1749 907 896.

1253 918 1322 947 Scio
1345 919 1452 956 ubique
1475 924 1503 946 et
1525 919 1561 947 de
1583 919 1660 947 belli.
1685 919 1739 954 VI,
1766 920 1836 950 230.

1254 961 1318 991 Scis
1341 972 1388 990 me
1410 971 1497 999 parce
1519 965 1548 989 et
1570 963 1742 990 verecunde.
1765 963 1819 998 IV,
1844 964 1914 992 842.

1254 1004 1318 1034 Scis
1341 1005 1448 1033 multos
1470 1009 1570 1042 petere
1593 1005 1741 1042 epistolas.
1766 1005 1822 1040 III,
1849 1007 1941 1037 1103.

1253 1047 1434 1085 Scripseram
1456 1057 1522 1076 meo
1545 1056 1626 1076 more
1647 1048 1780 1085 primum.
1804 1048 1857 1084 IV,
1882 1050 1955 1080 437.

1253 1089 1363 1127 Scripsi
1386 1091 1422 1118 ad
1447 1089 1584 1118 Senatum
1603 1096 1740 1119 vestrum.
1765 1091 1803 1126 V,
1826 1092 1875 1121 38.

1253 1132 1364 1170 Scripsi
1387 1134 1425 1161 ad
1448 1137 1475 1160 te
1498 1142 1590 1171 nuper
1603 1133 1648 1161 -de
1672 1133 1814 1162 Musculo.
1838 1134 1876 1169 V,
1901 1135 1973 1165 515.

1254 1174 1363 1212 Scripsi
1387 1176 1499 1204 doctori
1523 1185 1640 1203 causam
1661 1177 1729 1204 mei.
1754 1177 1794 1211 II,
1816 1178 1885 1205 103.

1254 1216 1365 1254 Scripsi
1388 1218 1451 1246 heri
1474 1218 1582 1246 alteras
1604 1218 1713 1246 literas.
1737 1219 1794 1253 ΙΠ,
1817 1220 1887 1248 902.

1253 1260 1366 1298 Scripsi
1388 1261 1440 1288 tibi
1463 1265 1530 1289 ante
1552 1270 1674 1298 paucos.
1698 1261 1752 1296 IV,
1775 1262 1846 1291 648.

1253 1302 1285 1332 Si
1308 1304 1387 1340 leges
1410 1303 1631 1341 disputationes
1652 1303 1706 1339 IV,
1727 1305 1776 1334 90.

1253 1345 1285 1374 Si
1309 1352 1403 1383 putas,
1421 1352 1507 1374 antea
1524 1347 1768 1384 praetermissum.
1793 1347 1847 1382 IV,
1871 1347 1942 1377 8⁶29.

1253 1388 1285 1417 Si
1309 1389 1426 1425 quando
1449 1389 1550 1417 videor
1568 1390 1790 1419 stomachosius.
1812 1389 1867 1425 ΠΙ,
1888 1391 1960 1419 557.

1253 1430 1396 1469 Significa
1418 1432 1498 1466 mihi,
1516 1433 1556 1459 mi
1579 1432 1626 1467 V.,
1648 1437 1754 1461 utrum.
1777 1433 1819 1468 II,
1842 1433 1911 1462 162.

1253 1473 1453 1512 Spectavimus
1476 1475 1564 1502 hodie
1585 1474 1753 1504 infaustum.
1779 1476 1831 1511 IV,
1855 1476 1926 1505 773.

1253 1515 1345 1555 Spero
1368 1518 1406 1545 ad
1428 1522 1457 1545 tc
1478 1518 1602 1546 venisse.
1624 1518 1681 1553 III,
1708 1519 1799 1548 1027.

1253 1559 1346 1598 Spero
1369 1560 1574 1589 convalescere
1592 1561 1660 1589 iam.
1684 1560 1740 1596 III,
1763 1561 1852 1591 1172.

1252 1602 1347 1641 Spero
1369 1604 1423 1632 tibi
1446 1612 1504 1632 nou
1528 1604 1639 1632 deesse.
1663 1603 1717 1638 VI,
1743 1604 1813 1633 852.

1252 1646 1385 1675 Tandem
1408 1647 1572 1674 audivimus
1595 1646 1834 1675 confutationem.
1858 1645 1898 1681 H,
1923 1646 1993 1676 252.

1252 1689 1354 1718 Toties
1372 1689 1454 1718 Deus
1472 1688 1622 1726 praedicit.
1647 1688 1701 1724 VI,
1726 1689 1796 1718 258.

1251 1732 1359 1760 Totum
1384 1737 1498 1769 tempus
1518 1732 1686 1760 matutinae.
1710 1731 1768 1767 III,
1787 1733 1858 1761 459.

1251 1775 1370 1804 Ulricus
1388 1774 1513 1803 Floccus
1536 1774 1631 1802 debet.
1654 1775 1692 1809 V,
1717 1775 1788 1804 425.

1252 1818 1294 1847 Ut
1317 1818 1405 1845 addat
1428 1817 1510 1846 Deus
1533 1818 1679 1845 custodes.
1702 1817 1740 1852 V,
1764 1817 1835 1846 461.

1251 1861 1292 1889 Ut
1314 1861 1364 1888 ille
1388 1860 1502 1898 Regum
1525 1860 1800 1897 praestantissimus.
1825 1858 1880 1895 ΙΠ,
1905 1859 1975 1889 536.

1251 1903 1293 1932 Ut
1315 1904 1345 1931 in
1365 1907 1427 1930 toto
1451 1904 1529 1932 orbe.
1552 1902 1590 1937 V,
1615 1903 1686 1932 321.

1251 1946 1293 1975 Ut
1314 1946 1408 1974 Maria
1430 1945 1590 1979 Elisabeth,
1614 1945 1732 1973 Hanna.
1755 1945 1793 1980 V,
1814 1945 1885 1974 248.

1249 1989 1293 2018 Ut
1315 1989 1438 2017 Proteus
1461 1988 1641 2025 consumptis
1661 1989 1804 2016 omnibus.
1826 1987 1882 2023 IV,
1904 1988 1954 2017 21.

1249 2031 1293 2060 Ut
1314 2041 1403 2071 saepe
1425 2032 1507 2067 alias,
1530 2032 1571 2059 ita
1593 2040 1679 2060 nunc.
1713 2031 1766 2066 VI,
1791 2031 1862 2060 898.

1250 2074 1371 2103 Utinam
1394 2075 1516 2102 feliciter
1539 2084 1576 2102 ex
1597 2074 1661 2102 hoc.
1685 2074 1738 2109 IV,
1759 2075 1831 2103 653.

1250 2117 1370 2146 Utinam
1393 2126 1510 2154 possem
1533 2118 1657 2145 mittere.
1680 2117 1717 2151 V,
1743 2117 1814 2146 676.

1251 2159 1371 2188 Utinam
1394 2161 1523 2188 redditus
1548 2160 1585 2188 sit
1606 2161 1673 2189 iam.
1698 2159 1735 2195 V,
1761 2160 1830 2189 830.

1248 2202 1370 2231 Utinam
1393 2213 1462 2231 vero
1483 2207 1543 2231 tam
1564 2203 1631 2230 cito.
1654 2201 1708 2236 IV,
1731 2202 1802 2231 457.

1248 2245 1380 2281 Utinam,
1403 2246 1482 2281 Vite,
1503 2246 1605 2274 liceret
1627 2249 1765 2273 amanter.
1789 2244 1845 2278 ΠΙ,
1868 2244 1938 2274 503.

1249 2288 1345 2317 Valde
1365 2294 1393 2316 te
1416 2298 1478 2324 oro,
1500 2289 1541 2317 mi
1562 2288 1609 2323 V.,
1632 2292 1664 2316 ut
1686 2288 1749 2316 has.
1772 2287 1829 2323 ΙΠ,
1853 2287 1902 2316 44.

1248 2331 1337 2360 Venit
1359 2332 1416 2360 huc
1438 2329 1565 2369 πτωχός.
1586 2330 1639 2366 Iv,
1662 2331 1733 2360 662.

1246 2374 1336 2402 Venit
1358 2375 1455 2403 isthuc
1475 2374 1592 2411 Anglus
1615 2373 1768 2411 quispiam.
1792 2372 1850 2409 ΙΠ,
1874 2373 1924 2401 40.

1246 2412 1342 2445 Video
1366 2417 1501 2455 equidem
1524 2417 1681 2454 sapientes.
1707 2416 1744 2451 V,
1770 2417 1839 2445 198.

1245 2460 1340 2489 Video
1362 2461 1393 2488 in
1416 2460 1565 2488 sententiis
1583 2459 1722 2487 dicendis.
1746 2457 1798 2494 IV,
1823 2459 1893 2488 409.

1245 2503 1349 2539 Video,
1372 2503 1417 2532 Te
1440 2503 1476 2531 de
1498 2503 1691 2541 Hieronymo.
1715 2501 1754 2537 V,
1777 2501 1826 2531 24.

1243 2546 1314 2574 Vidi
1337 2555 1391 2584 ego
1412 2550 1564 2584 quassatas
1585 2545 1672 2574 mola.
1695 2544 1748 2580 IV,
1773 2544 1845 2573 406.
