2299 2921
153 147 176 179 9
932 143 954 175 1.
999 139 1206 174 ANNALES
1235 137 1383 170 VtTAE.
2122 135 2163 166 10

155 242 219 273 Ian.
274 242 322 271 25.
346 241 493 270 Lutherus
516 241 553 268 ad
577 239 774 278 Spalatinum:
797 238 980 276 „Hebraicas
1002 238 1114 266 litteras
1137 237 1290 274 Philippus
1313 239 1413 263 noster
1442 238 1554 261 tractat.
1575 248 1617 253 ——
1639 231 1741 260 Nimia
1771 236 1814 260 est
1842 231 1967 259 hominis
1990 236 2018 258 et
2040 231 2112 260 fides
2136 235 2164 260 et

382 284 543 322 diligentia,
566 288 598 310 ut
622 283 672 310 vix
694 282 818 319 tempori
841 283 994 319 quicquam
1019 282 1130 309 cedat.“

350 329 450 356 Mense
473 326 610 354 Ianuario
631 325 739 361 „libros
760 329 819 353 tres
842 325 878 353 de
900 324 1076 353 Rhetorica“
1103 323 1193 351 edidit
1215 328 1243 350 et
1270 321 1379 349 dicavit
1401 319 1551 348 Bernardo
1574 319 1693 352 Mauro3
1717 318 1746 346 in
1778 317 1957 355 praefatione
1980 316 2106 354 loquitur
2128 317 2163 345 de

385 370 460 398 falsa
482 368 670 407 philosophia
692 368 736 396 sui
760 368 823 396 aevi
847 374 875 396 et
897 368 933 396 de
955 368 1088 405 neglecta
1110 370 1171 394 arte
1193 365 1346 394 rhetorica.
1391 362 1436 392 Cf.
1462 373 1507 400 ep.
1531 362 1598 390 Mel.
1624 362 1650 389 d.
1677 362 1704 389 3.
1728 362 1801 397 Apr.
1826 360 1854 388 h.
1878 370 1903 388 a.

163 415 248 444 Febr.
301 415 328 442 7.
350 413 496 442 Lutherus
518 410 702 449 spalatinum
725 411 872 445 hortatur,
894 421 926 438 u„
948 416 1044 445 curet,
1067 415 1097 437 ut
1120 408 1301 437 Melanthoni
1325 407 1498 444 stipendium
1523 409 1672 442 augeatur.

354 457 457 484 Mense
480 455 564 483 Febr.
586 454 756 482 Orationem
780 453 929 482 funebrem
959 454 994 481 de
1017 453 1221 481 Maximiliano
1245 449 1371 479 Caesare
1396 453 1524 486 (mortuo
1547 449 1573 477 d.
1602 449 1647 476 17.
1671 447 1746 483 Ian.)
1770 447 1857 474 habet
1886 451 1912 474 et
1942 446 2015 480 edit,
2045 455 2166 482 eamque

382 499 459 527 dicat
482 498 599 526 Iordani
623 497 841 525 Herzheimero.

159 544 244 572 Mart.
350 543 451 570 Mense
474 542 578 570 Martio
602 540 751 578 praefatur
773 540 808 568 de
831 540 925 577 pretio
949 549 1034 567 verae
1056 539 1235 576 Theologiae
1260 543 1287 565 et
1311 538 1346 565 de
1370 536 1466 564 sudio
1492 544 1638 563 sacrarum
1662 534 1823 562 litterarum
1847 533 1876 560 in
1899 531 2020 560 Lutheri
2047 541 2167 569 „opera-

384 586 479 613 tiones
502 585 532 612 in
556 584 727 616 Psalmos“;
761 583 830 610 item
853 583 883 610 in
907 582 1055 610 Plutarchi
1078 582 1207 609 libellum
1239 581 1274 608 dc
1297 579 1478 608 institutione
1504 587 1676 616 puerorum,
1706 586 1791 613 quem
1827 584 1930 612 graece
1960 576 1990 603 in
2018 584 2101 603 usum
2125 575 2167 602 di-

386 628 528 656 scentium
553 627 650 655 edidit.
675 643 715 647 -
739 625 842 654 Oratio
861 626 896 653 de
922 626 1101 662 corrigendis
1123 624 1249 653 adolesc.
1274 623 1378 651 studiis
1406 621 1539 649 Basilcae
1561 630 1579 648 a
1601 620 1749 648 Frobenio
1777 620 1880 647 iterum
1906 627 2013 646 excusa
2037 623 2094 653 est,
2118 618 2168 645 ad-

385 671 446 698 dita
468 671 525 698 oda
545 679 651 708 graeca
673 670 702 697 in
725 669 841 697 laudem
864 668 995 697 Lutheri.

286 714 333 743 28.
355 713 502 742 Lutlierus
525 714 562 742 ad
581 712 781 750 Spalatinum:
803 711 976 749 „Philippus
1000 711 1169 739 Melanthon
1193 719 1330 747 prospere
1355 709 1429 746 agit.
1456 708 1510 735 nisi
1542 710 1618 743 quod
1647 707 1694 734 vix
1722 711 1834 733 tantum
1866 705 1983 732 efficere
2012 713 2169 742 possumus

384 766 502 792 omnes,
526 767 563 784 ne
585 756 744 784 litterarum
769 756 860 782 nimia
878 756 992 783 insania
1011 754 1184 782 valetudinis
1205 753 1347 780 acceleret
1369 752 1527 779 iacturam:
1552 750 1635 777 ardet
1658 759 1710 786 pro
1730 749 1834 776 aetatis
1853 748 1948 775 calore
1968 748 2065 775 omnia
2077 748 2169 775 omni—

384 800 439 827 bus
461 800 545 828 simul
570 800 633 827 fieri
656 804 684 826 et
706 799 826 826 facere!-

159 843 253 881 April.
297 844 325 872 3.
348 843 475 871 Enarrat
497 843 671 870 Psalterium
697 842 880 875 hebraicum⁷
904 846 932 868 et
955 840 1076 868 Homeri
1102 839 1186 867 Iliad.

350 887 453 914 Mense
476 885 573 923 Aprili
597 886 655 913 edit
678 884 827 913 Plutarchi
854 884 1091 912 commentarium
1120 882 1147 910 εἰ
1168 880 1268 915 καλῶς
1290 882 1403 919 εἴρηται
1432 878 1464 908 τὸ
1494 878 1571 908 λάθε
1601 877 1734 917 βιώσας,
1762 878 1887 905 dicatum
1920 876 2052 906 Barthol.
2083 876 2171 904 Veld-

383 929 514 963 kirchio‚
539 929 715 957 Academiae
738 927 863 955 Rectori.

160 972 223 1001 Iun.
350 972 387 1000 D.
414 973 461 1001 24.
482 972 545 1000 Iun.
568 972 737 1000 Melanthon
761 980 825 998 cum
848 969 977 998 Luthero
1001 968 1079 996 venit
1101 967 1233 1004 Lipsiam
1255 967 1292 994 ad
1315 966 1498 1002 colloquium.

160 1015 225 1043 Iun.
239 1020 267 1043 et
279 1015 334 1044 Iul.
352 1014 464 1043 Diebus
487 1015 553 1043 inde
576 1024 593 1041 a
619 1015 665 1043 27.
692 1014 767 1041 lunii
790 1023 881 1050 usque
904 1013 939 1040 ad
968 1012 1013 1040 16.
1037 1010 1090 1038 Iul.
1116 1010 1170 1037 fuit
1198 1009 1373 1045 colloquium
1396 1008 1550 1045 Lipsieuse
1574 1008 1647 1035 inter
1670 1006 1795 1035 Eckium
1819 1015 1847 1034 et
1875 1003 2109 1034 Carolostadium
2140 1011 2169 1034 et

386 1057 556 1086 Lutherum.
580 1076 619 1078 fi
645 1057 814 1085 Melanthon
839 1055 972 1092 publicas
996 1054 1112 1090 quidem
1135 1053 1165 1080 in
1189 1063 1224 1080 eo
1247 1057 1344 1089 panes
1366 1061 1423 1079 non
1447 1051 1522 1088 egit,
1552 1051 1582 1078 id
1613 1056 1672 1084 est,
1703 1059 1761 1077 non
1784 1050 1837 1077 fuit
1861 1049 1891 1077 in
1915 1059 2035 1077 numero
2059 1058 2169 1084 eorum,

386 1102 434 1137 qui
459 1101 573 1137 publice
597 1101 787 1136 disputarent⁷
811 1104 838 1125 at
862 1103 959 1126 tamen
983 1096 1172 1134 disputationi
1197 1105 1253 1123 non
1274 1095 1366 1122 solum
1392 1094 1529 1128 interfuit,
1543 1094 1593 1121 sed
1618 1103 1705 1129 saepe
1730 1093 1815 1120 etiam
1835 1090 2049 1126 Carolostadi0‚
2062 1092 2169 1129 impari

386 1143 490 1178 Eckio,
515 1148 686 1179 argumenta
705 1142 778 1169 olam
805 1147 864 1168 tum
890 1151 959 1169 voce
982 1145 1042 1167 tum
1066 1139 1182 1168 schedis
1202 1139 1341 1176 porrectis
1365 1137 1519 1174 suggessit.
1565 1136 1663 1171 Quare
1686 1135 1798 1163 Eckius
1821 1135 1910 1162 fertur
1933 1135 1962 1162 in
1984 1135 2057 1162 haec
2081 1134 2171 1163 verba

384 1186 568 1223 prorupisse:
595 1185 691 1221 „Tace
714 1189 760 1219 tu,
784 1184 939 1221 Philippo,
963 1194 996 1211 ac
1027 1188 1076 1210 tua
1099 1183 1195 1210 studia
1219 1191 1306 1215 cura,
1331 1191 1367 1208 ne
1390 1189 1436 1208 me
1468 1179 1631 1216 pertu1·ba.“
1658 1195 1699 1198 —
1724 1178 1892 1215 Philippum
1921 1187 1990 1206 suos
2007 1178 2037 1205 in
2067 1178 2170 1215 dispu-

384 1229 474 1257 tando
503 1229 650 1256 adiuvisse
680 1229 742 1265 ipse
773 1232 895 1255 testatus
925 1232 967 1254 est
990 1232 1090 1263 postea
1112 1226 1141 1253 in
1173 1236 1217 1262 cp.
1243 1225 1278 1252 ad
1303 1222 1517 1256 Camerarium.
1547 1232 1635 1259 quam
1664 1222 1729 1249 dedi
1753 1221 1779 1249 d.
1816 1223 1840 1249 l.
1869 1221 1923 1248 Iul.
1951 1221 2041 1249 1550.
2081 1220 2170 1250 Prae-

386 1276 465 1299 terea
496 1272 552 1299 vid.
582 1282 656 1307 quae
680 1270 723 1299 CI.
748 1270 992 1299 Foersmnannus
1019 1269 1085 1296 Vol.
1112 1269 1133 1297 l.
1159 1278 1185 1305 p.
1211 1269 1247 1295 83
1269 1277 1311 1304 sq.
1343 1267 1372 1294 in
1403 1265 1535 1303 epistolis
1560 1265 1626 1293 Mel.
1657 1274 1691 1292 ea
1719 1265 1755 1292 de
1785 1274 1816 1292 re
1844 1264 1967 1301 scripsit.
2014 1262 2170 1292 Caeterum

385 1314 503 1351 Lipsiae
525 1315 651 1351 aliquam
682 1313 906 1341 familiaritatem
937 1312 1082 1340 contraxit
1111 1321 1176 1339 cum
1207 1311 1320 1338 Adamo
1350 1309 1447 1337 Krafft.
1475 1308 1646 1345 (Cratono),
1677 1318 1693 1335 a
1722 1317 1779 1344 quo
1810 1316 1992 1344 summopere
2020 1307 2169 1335 laudatum

386 1357 565 1385 Ioachimum
590 1355 799 1391 Camerarium,
825 1356 873 1393 qui
896 1360 964 1383 tunc
985 1355 1137 1383 Erfordiae
1161 1358 1240 1388 erat,
1264 1353 1388 1387 audivit,
1412 1354 1461 1385 ita,
1486 1356 1516 1379 ut
1540 1351 1708 1379 Melanthon
1731 1349 1929 1378 Cameren-ium
1960 1359 2067 1387 magna
2091 1360 2169 1378 com-

386 1400 561 1437 plecteretur
586 1400 797 1428 benevolentia.
844 1399 930 1435 (Post
951 1398 1127 1434 colloquium
1152 1397 1305 1434 Philippus
1334 1396 1431 1423 statim
1453 1394 1574 1423 rediisse
1598 1394 1786 1431 Vitebergam
1810 1394 1947 1429 videtur.)

159 1444 216 1472 Iul.
280 1443 330 1471 21.
354 1442 463 1471 Narrat
486 1443 516 1471 in
540 1443 664 1481 epistola
686 1443 722 1470 ad
746 1441 1005 1479 Oecolanipadium
1030 1441 1098 1478 quid
1122 1442 1150 1468 in
1174 1439 1321 1476 colloquio
1344 1438 1424 1476 Lips.
1450 1443 1545 1466 actum
1569 1438 1615 1466 sit.
1988 1431 1992 1437 ’

282 1486 329 1514 25.
353 1485 478 1521 Eckius,
499 1487 650 1523 epistolam
677 1485 743 1513 Mel.
768 1486 803 1513 ad
828 1484 1103 1522 Oecolampadium‚
1132 1493 1207 1521 quac
1229 1482 1325 1512 statim
1350 1481 1457 1519 prodiit
1485 1481 1564 1518 typis
1591 1481 1752 1518 exscripta,
1777 1489 1864 1518 aegre
1892 1480 2002 1514 ferens⁷
2032 1480 2169 1517 Philippo

385 1529 455 1556 satis
478 1530 582 1557 acerbe
605 1529 769 1565 respondet.

159 1575 237 1610 Aug.
350 1571 419 1600 Edit
442 1572 612 1599 Melantlion
639 1571 853 1607 „defensionem
877 1581 958 1599 suani
983 1576 1083 1598 contra
1106 1570 1259 1598 Eekiumu.
1306 1570 1437 1605 Augetur
1459 1567 1589 1604 Philippi
1612 1567 1789 1604 stipendium
1818 1576 1835 1593 a
1867 1566 2001 1603 Principe
2024 1566 2168 1594 Elector-e.

352 1615 408 1642 Per
430 1620 569 1643 aestatem
594 1615 798 1652 interpretatur
821 1614 975 1652 epistolam
1000 1614 1083 1641 Pauli
1108 1614 1144 1641 ad
1168 1613 1326 1641 Romanos.

160 1657 240 1697 Sept.
351 1657 419 1695 Edit
441 1657 563 1686 Lutheri
589 1658 826 1686 commenearium
850 1658 879 1685 in
903 1668 947 1694 ep.
972 1657 1006 1684 ad
1032 1655 1171 1690 Galatas.
1196 1661 1224 1684 ct
1246 1655 1395 1693 praefatur
1418 1654 1534 1681 nomine
1558 1651 1675 1680 Ottonis
1700 1651 1849 1680 Germani.

350 1701 462 1729 Eodem
487 1710 586 1729 nssense
609 1701 666 1728 edit
689 1701 786 1729 theses
810 1701 844 1728 de
868 1701 924 1727 tide
948 1701 977 1727 in
1001 1700 1086 1728 rebus
1108 1700 1222 1728 divinis.

283 1744 329 1772 19.
353 1744 508 1782 Philippus
527 1750 555 1772 et
576 1744 617 1772 Io.
642 1743 782 1781 Agricola
804 1743 872 1771 facti
895 1750 959 1771 suut
985 1743 1167 1771 baccalaurei
1190 1743 1219 1770 in
1244 1742 1349 1770 bibliis.

161 1786 239 1816 Nov.
351 1787 477 1815 Enarrat
500 1796 599 1815 mense
629 1786 705 1815 Nor.
736 1792 763 1814 ct
794 1785 866 1815 Dec.
896 1786 1089 1823 Evangelium
1122 1786 1270 1813 Matthaei.
1291 1802 1332 1805 κ-
1356 1783 1473 1819 Accipit
1503 1792 1606 1810 munus
1635 1781 1781 1819 quoddam
1811 1791 1828 1808 a
1858 1781 1994 1818 Principe
2022 1781 2170 1816 Electore,

386 1831 462 1866 quod
486 1835 581 1858 autem
606 1830 689 1867 quale
712 1830 807 1865 suerit,
831 1839 888 1857 non
914 1834 1036 1863 constat⁷
1061 1830 1117 1856 nisi
1140 1829 1216 1865 quod
1240 1827 1385 1855 Lutherus
1409 1827 1436 1855 d.
1467 1826 1514 1854 29.
1538 1824 1616 1853 Nov.
1641 1824 1741 1852 scribit
1764 1824 1801 1851 ad
1823 1822 2019 1860 Spalatinum:
2050 1825 2171 1861 „Placet

386 1872 523 1910 Philippo
548 1869 714 1901 maiidatum
737 1881 799 1901 esse
822 1883 839 1900 a
863 1872 1011 1909 Principe⁷
1037 1878 1063 1899 ut
1086 1874 1184 1909 yeslel
1208 1872 1262 1899 sibi
1285 1871 1422 1899 donata.“
1471 1869 1516 1896 Ad
1542 1869 1595 1896 hoc
1620 1868 1727 1896 donum
1750 1867 1904 1895 referenda
1930 1873 1973 1895 est
1995 1868 2076 1904 epist.
2100 1868 2170 1896 Mel.

387 1916 423 1943 ad
448 1916 622 1951 Electorem,
646 1925 732 1952 quam
756 1920 878 1943 exeunte
901 1925 978 1943 anno
1002 1916 1082 1952 legis.

162 1957 234 1987 Dec.
284 1960 329 1986 11.
354 1959 443 1986 Mittit
465 1957 649 1987 Schwebelio
674 1959 825 1996 quaedam,
850 1968 924 1996 quac
947 1960 976 1986 in
1002 1957 1118 1987 Scholis
1144 1958 1304 1985 dictaverat.
1326 1958 1355 1984 in
1380 1956 1462 1992 epist.
1487 1956 1523 1982 ad
1547 1954 1704 1982 Romanos.

352 2000 419 2029 Edit
444 2001 499 2030 hoe
522 2011 598 2029 anno
620 2001 741 2029 Luciani
765 2002 925 2029 orationem
949 2003 1088 2030 adversus
1112 2001 1301 2035 calumniam.
1326 2009 1446 2036 eamque
1469 1998 1577 2026 dicavit
1600 1997 1730 2025 Henrico
1753 1996 1842 2025 Birco
1866 2006 1883 2024 a
1906 1996 2019 2024 Duben.

353 2044 419 2072 Hoc
443 2054 520 2072 anno
552 2045 710 2072 Ioannes
732 2044 851 2079 Koch.
881 2044 1139 2080 Heilbronncusis,
1169 2043 1386 2071 commendatus
1417 2042 1452 2070 ab
1478 2041 1600 2069 Hieron.
1631 2039 1878 2076 Baumgartnero⁷
1910 2040 1941 2066 fit
1971 2039 2169 2069 Melanthonis

387 2087 521 2123 famulus,
546 2094 573 2115 et
596 2097 708 2115 summa
731 2088 788 2115 fide
811 2088 888 2125 apud
908 2097 972 2115 eum
995 2088 1103 2116 mansit
1126 2097 1217 2125 usque
1240 2087 1276 2114 ad
1300 2091 1432 2120 mortem,
1456 2086 1472 2112 i.
1499 2094 1521 2113 e.
1546 2084 1582 2111 ad
1606 2093 1713 2111 annum
1740 2083 1830 2111 1553.

353 2131 425 2159 Post
448 2131 625 2167 colloquium
646 2130 726 2167 Lips.
750 2131 840 2168 pestis
862 2130 994 2167 Lipsiam
1018 2131 1138 2165 invadit,
1163 2140 1252 2166 quare
1274 2130 1355 2157 multi
1379 2128 1543 2157 scholastici
1568 2127 1754 2163 Vitebergam
1783 2126 1960 2162 migrarunt,
1989 2126 2065 2154 inter
2095 2135 2170 2163 quos

387 2174 473 2201 etiam
494 2174 545 2202 fuit
569 2172 709 2212 Caspar
731 2171 972 2210 crucigerus,
997 2174 1183 2202 fidelissimus
1206 2178 1308 2210 postea
1328 2172 1454 2209 Philippi
1478 2172 1597 2198 amicus.

1010 2298 1166 2330 ANNO
1205 2299 1329 2329 1520.

164 2387 227 2415 ltu.
282 2387 334 2418 25.
358 2387 415 2415 Die
438 2388 635 2416 conversionis
659 2387 742 2415 Pauli
765 2387 852 2414 habet
874 2387 1036 2415 orationem
1060 2387 1095 2414 de
1119 2386 1320 2414 adhortatione
1342 2386 1379 2413 ad
1403 2385 1562 2413 doctrinam
1593 2383 1762 2418 Paulinam,
1792 2393 1859 2412 mox
1891 2383 1969 2422 typis
1995 2384 2170 2421 descriptam

392 2436 418 2457 et
441 2429 604 2459 Camitiano
628 2431 763 2459 dicatam.
788 2445 828 2449 —
853 2429 976 2458 Postero
1005 2430 1051 2457 die
1078 2428 1224 2457 Lutherus
1243 2429 1344 2458 scribit
1366 2429 1403 2456 ad
1433 2428 1473 2455 Io.
1497 2426 1645 2464 Langumz
1677 2426 1907 2464 „Hispaniarum
1936 2425 2064 2464 chatus
2092 2427 2171 2465 apud

390 2473 556 2510 Principem
580 2479 710 2502 nostrum
734 2478 788 2507 est,
812 2482 876 2500 cum
901 2482 958 2510 quo
978 2473 1040 2500 heri
1063 2481 1117 2510 ego
1142 2478 1170 2501 et
1192 2471 1347 2510 Philippus
1366 2471 1539 2499 certavimus
1558 2469 1710 2507 splendide
1733 2470 1875 2498 invitati.“

165 2515 252 2545 Febr.
362 2515 678 2552 „Declamatiunculam
702 2517 731 2544 in
755 2516 813 2543 divi
837 2515 920 2543 Pauli
941 2516 1122 2544 doctrinam“
1156 2516 1214 2544 edit
1237 2521 1265 2543 et
1295 2515 1373 2543 dicat
1400 2513 1568 2548 Bronnem,
1597 2522 1682 2550 quam
1711 2513 1774 2550 ipse
1803 2513 1831 2540 in
1856 2522 1901 2550 ep.
1926 2513 1961 2541 ad
1991 2512 2117 2542 Hessum
2141 2514 2170 2542 d.

394 2560 440 2587 17.
462 2560 532 2596 Apr.
555 2559 580 2587 h.
605 2569 630 2587 a.
653 2558 780 2596 appellat
804 2559 1000 2586 duriusculam
1024 2559 1183 2587 orationem
1207 2564 1235 2586 et
1256 2558 1411 2587 infeliciter
1434 2565 1580 2584 excusam.

357 2601 461 2631 Ioanni
485 2601 584 2630 Besso
608 2602 707 2630 scribit
730 2606 758 2629 et
780 2601 915 2638 reprobat
933 2602 1301 2636 transsubstantiationem,
1330 2600 1482 2637 distinguit
1503 2599 1579 2627 inter
1602 2598 1778 2636 theologiam
1801 2598 1936 2627 biblicam
1966 2603 1994 2627 et
2021 2598 2171 2628 scholasti-
