2299 2921
135 110 199 143 135
781 107 967 140 PHILIPPI
995 105 1310 138 MELANTHONIS
1339 103 1498 135 OPERA.
2080 105 2142 138 136

139 205 204 235 Oct.
259 207 303 235 13.
324 205 453 234 Litterae
477 205 653 233 Academiae
676 203 771 231 Vitcb.
797 204 834 230 ad
856 202 1073 230 Melanthonem
1095 201 1130 228 de
1153 206 1245 228 morte
1269 200 1400 237 coniugis
1422 209 1500 228 suae.

331 248 447 276 Elector
469 247 620 274 Palatinus
644 246 714 282 petit
737 255 755 272 a
776 245 974 277 Melanthone,
998 250 1030 271 ut
1050 243 1277 280 Heidelbergam
1302 243 1405 270 veniat.

260 294 305 321 17.
332 291 399 319 Mel.
422 292 560 318 invitatur
584 288 808 324 Heidelbergam
831 287 866 314 ab
891 287 1058 314 Academia„

256 335 304 363 21.
329 334 506 362 Protestatio
530 331 732 367 theologorum
756 331 786 357 in
806 336 949 357 conventu
969 329 1111 357 Wormat⁴
1984 324 1998 347 Ἀ

258 377 306 405 22.
330 376 502 404 Melanthon
526 384 590 402 cum
617 374 744 401 Peucero
767 378 795 400 et
818 371 877 400 Iac.
899 372 1018 409 Rungio
1041 372 1130 399 intrat
1151 370 1391 408 Heidelbergam,
1414 371 1573 400 honorifice
1596 378 1740 409 exceptus
1763 381 1780 399 a
1800 371 1936 409 Principe
1961 377 1988 399 et
2011 371 2047 399 ab
2067 372 2144 400 Aca-

365 419 468 446 demia.
515 416 652 444 Posthius
676 425 739 443 eum
764 415 880 443 nomine
905 415 1081 442 Academiae
1107 414 1243 442 salutavit
1263 415 1394 442 oratione
1418 418 1446 441 et
1468 415 1604 443 carmine.

260 462 308 490 27.
332 460 548 496 Heidelbergae
570 459 676 495 accipit
698 458 869 486 Melanthon
894 458 1003 485 litteras
1025 458 1201 485 Academiae
1224 457 1372 493 Viteberg.
1403 457 1439 484 de
1467 462 1559 485 morte
1581 458 1722 494 coniugis.
1769 456 1933 485 Ioachimus
1957 455 2144 486 Camerarius

366 509 392 531 et
416 502 617 539 sigismundus
643 501 819 535 Melanthon,
842 501 930 528 frater
957 500 1092 537 Philippi,
1115 500 1336 537 proficiscuntur
1359 499 1585 537 Heidelbergam
1609 501 1645 528 ad
1670 499 1882 528 Melanthonem
1905 500 2121 528 consolandum.

259 548 307 576 31.
333 546 499 574 Melanthon
523 543 718 580 Heidelberga
741 544 870 572 discedit.

145 590 222 619 Nor.
284 591 311 617 4.
335 589 402 617 Mel.
427 594 550 615 vexatur
572 586 690 615 lithiasi.
714 604 752 607 —
779 585 884 614 Scribit
907 586 943 613 de
967 586 1115 613 doctrinae
1135 586 1278 622 capitibus
1302 586 1504 614 controversis.
1529 586 1565 613 de
1585 586 1690 622 quibus
1708 585 1852 623 theologis
1873 586 1911 612 sit
1929 585 2144 621 disputandum.

264 633 309 661 18.
333 631 462 659 Litterae
486 630 664 658 Ferdinandi
686 630 764 666 regis
783 629 942 656 afferuntur
966 628 1167 662 wormatiam,
1192 637 1265 664 quae
1286 628 1384 656 iubent
1408 631 1437 656 in
1461 628 1609 665 colloquio
1631 637 1759 666 pergere.

333 674 434 702 Mense
458 672 534 700 Nov.
560 672 678 700 Laelius
701 671 823 700 Socinus
847 671 1039 699 Wormatiam
1060 671 1146 699 venit.

334 717 444 745 Eodem
474 724 573 743 mense
597 715 768 743 Melanthon
798 715 897 742 scribit
920 714 1054 741 Palatino
1082 713 1210 741 Electori
1239 713 1377 741 iudicium
1405 715 1440 741 de
1468 713 1662 750 reprimendis
1693 713 1909 751 Anabaptistis,
1944 713 2021 750 quoti
2045 713 2145 750 deper-

368 760 457 787 ditum
482 768 544 786 esse
567 759 689 786 videtur.
735 758 815 794 (vid.
841 768 885 794 ep.
909 757 945 784 ad
967 757 1146 793 Bordingum
1171 757 1198 784 d.
1222 757 1269 784 10.
1290 758 1360 793 Apr.
1386 757 1490 793 1558.)

146 803 217 832 Dec.
285 805 310 831 1.
335 802 465 830 Laelium
490 799 625 829 Socinum
650 801 832 828 commendat
856 799 1044 836 Sigismundo
1067 801 1211 836 Augusto,
1234 799 1309 836 Regi
1333 799 1483 830 poloniae.
1507 804 1533 826 et
1557 799 1759 826 Maximiliano
1783 798 1867 835 Regi.

334 845 502 873 Melanthon
527 849 552 871 et
576 844 680 871 caeteri
703 843 831 880 theologi
855 842 1034 870 Wormatiae
1058 842 1225 878 congregati
1249 842 1427 869 intercedunt
1458 842 1560 869 litteris
1588 842 1667 878 apud
1696 840 1808 878 Regem
1830 839 1946 868 Galliae
1975 850 2026 877 pro
2050 840 2146 868 Evan-

367 887 470 924 gelicis
493 887 521 914 in
545 885 644 914 Gallia
667 886 788 914 ¹enatis.

334 931 424 958 [idem
443 929 591 957 declarant
605 929 735 957 Praesidi
759 928 916 965 Colloquii,
941 938 972 956 se
985 928 1106 955 firmiter
1118 932 1292 964 sequuturos
1311 936 1375 955 esse
1388 927 1549 954 doctrinam
1562 927 1592 954 in
1606 928 1781 963 Augustana
1799 924 1990 954 confessione
2002 925 2145 953 traditam.

283 975 310 1001 3.
334 973 503 1002 Melanthon
526 973 636 1000 iudicat
659 972 694 1000 de
718 972 811 1000 forma
832 971 1010 1008 agendorum
1033 980 1180 999 sacrorum
1205 970 1259 998 sibi
1281 970 1370 998 missa
1390 979 1407 997 a
1429 967 1593 997 Comitibus
1616 969 1652 997 ab
1676 969 1800 996 Erbach.

281 1016 308 1046 6.
334 1016 486 1044 Dissoluto
510 1015 654 1052 colloquio
678 1020 706 1042 et
730 1020 871 1043 conventu
896 1013 1064 1041 Melanthon
1086 1014 1141 1041 iter
1163 1013 1323 1050 ingreditur
1346 1013 1472 1040 domum.

282 1060 308 1088 8.
333 1059 385 1087 Est
409 1058 644 1092 Francofordiae,
668 1058 795 1095 hospitio
817 1058 857 1085 ibi
881 1061 1016 1093 exceptus
1040 1066 1056 1083 a
1079 1055 1205 1084 Nicolao
1229 1055 1357 1084 Bromio.
1395 1055 1472 1090 Quid
1496 1055 1536 1083 ibi
1556 1055 1646 1092 egerit
1670 1064 1734 1082 cum
1758 1053 1942 1081 Hartmanno
1962 1058 2095 1081 narratur
2117 1053 2147 1081 in

368 1112 413 1139 ep.
438 1100 594 1138 Langueti,
618 1111 704 1138 quam
728 1101 818 1129 habes
837 1100 913 1128 infra
935 1099 962 1127 d.
986 1099 1031 1127 15.
1053 1099 1136 1126 Mart.
1163 1099 1251 1127 1558.

260 1147 307 1173 11.
331 1144 503 1172 Melanthon
527 1149 570 1171 est
594 1143 715 1171 Fuldae.

260 1188 308 1216 20.
330 1187 383 1215 Est
405 1186 532 1223 Lipsiae.

260 1230 308 1259 22.
332 1230 421 1257 Venit
441 1229 639 1266 Vitebergam.

143 1273 215 1302 Dec.
256 1273 304 1302 26.
331 1272 397 1301 Mel.
422 1272 534 1300 scribit:
560 1272 687 1307 „inimici
712 1272 767 1298 mei
790 1271 944 1303 iactat-unt,
968 1278 999 1296 sc
1022 1268 1195 1305 expulsuros
1217 1277 1281 1298 esse
1304 1278 1348 1296 me
1372 1277 1409 1295 ex
1431 1273 1492 1296 tota
1515 1266 1682 1295 Germania.

333 1315 466 1343 Exeunte
489 1324 566 1342 anno
590 1314 689 1342 scribit
711 1314 747 1341 ad
772 1315 947 1349 Augustum,
971 1312 1046 1340 Duc.
1071 1309 1141 1340 Sax.
1164 1312 1266 1345 Elect.,
1289 1311 1394 1347 quibus
1417 1310 1546 1339 articulis
1569 1311 1636 1338 fidei
1659 1309 1850 1337 insistendum
1874 1310 1919 1337 sit.

333 1357 482 1385 Praefatus
507 1363 547 1385 est
569 1357 625 1384 hoc
647 1366 724 1384 anno
748 1357 775 1383 in
801 1355 941 1383 Avenarii
963 1360 1115 1393 grammat.
1139 1355 1314 1383 hebraicam.

992 1482 1023 1512 A
1035 1481 1063 1512 N
1075 1481 1104 1513 N
1118 1481 1146 1511 s!
1183 1482 1198 1512 l
1212 1481 1233 1512 5
1243 1481 1265 1512 5
1276 1481 1308 1512 S.

143 1570 205 1599 Ian.
280 1572 307 1600 6.
332 1570 510 1598 Heshusium
535 1570 726 1603 commendat,
749 1575 778 1597 ut
802 1575 920 1597 vocetur
943 1570 973 1596 in
996 1569 1185 1597 Academiam
1208 1568 1496 1605 Heidelbergensem.

262 1614 308 1642 16.
332 1611 435 1649 Legati
464 1612 744 1649 Transylvaniorum
779 1612 955 1649 Vitebergae
985 1617 1067 1647 sunt,
1098 1613 1201 1649 quibus
1228 1612 1315 1640 tradit
1342 1611 1515 1639 sententiam
1536 1610 1726 1647 perscriptam
1751 1609 1787 1637 de
1812 1617 1902 1636 coena
1925 1607 2043 1635 domini.
2089 1604 2147 1642 (Cf⁴

369 1656 449 1693 epist.
473 1656 499 1684 d.
526 1656 574 1684 ⁶25.
595 1655 672 1692 Ian.)

144 1697 222 1727 Febr
285 1700 312 1726 4.
335 1697 495 1726 Libellum:
528 1698 713 1735 „Chronicon
732 1697 886 1727 Carionis“
918 1698 1033 1732 retexit,
1058 1699 1136 1735 quod
1166 1698 1338 1735 Vitebergae
1367 1696 1526 1725 excuditur.
1586 1694 1674 1722 Mittit
1704 1694 1837 1722 Palatino
1870 1693 1997 1721 Electori
2025 1692 2148 1720 formam

370 1739 546 1769 Conzistorii
567 1741 790 1778 Vitebergensis.

283 1785 310 1812 5.
334 1783 451 1821 Lipsiae
476 1784 649 1812 conveniunt
675 1786 823 1821 Augustus
849 1783 916 1811 Dux
941 1782 1009 1811 Sax.
1034 1783 1127 1811 Elect.
1153 1788 1180 1811 et
1200 1783 1364 1811 Ioachimus
1385 1780 1422 1809 II.
1444 1781 1573 1809 Marchio
1594 1780 1759 1808 Brandenb.
1782 1779 1884 1813 Eleon,
1908 1779 2051 1815 simulque
2070 1777 2150 1805 Hen-

353 1828 439 1861 ricus,
463 1826 532 1855 Dux
554 1827 786 1861 Brunsvicensis,
810 1832 840 1854 ut
864 1826 986 1854 consilia
1008 1827 1083 1854 inter
1107 1836 1138 1854 se
1161 1826 1308 1854 conferant
1331 1825 1366 1853 de
1389 1826 1515 1853 instante
1536 1828 1677 1851 conventu
1698 1822 1945 1850 Francofordiano
1958 1822 1986 1850 d.
2004 1823 2028 1850 1.
2042 1821 2147 1850 Martii.

284 1871 312 1898 7.
337 1869 504 1897 Melanthon
527 1868 671 1897 Dresdam
695 1869 888 1907 proficiscitur
911 1874 1030 1897 vocatus
1053 1869 1088 1896 ab
1112 1869 1186 1896 aula.

285 1913 313 1941 9.
338 1912 423 1940 Venit
447 1912 600 1940 Dresdam.

267 1956 312 1984 16.
337 1954 371 1982 In
393 1955 484 1983 reditu
509 1961 551 1982 est
575 1955 699 1992 Torgae.

263 1998 311 2026 24.
336 1997 487 2026 Palatinus
509 1997 627 2026 Elector
646 2003 673 2025 et
699 1997 766 2025 Dux
792 1995 1075 2034 wurtembergensis
1099 1997 1316 2034 flagitaverant,
1346 2000 1374 2022 nt
1406 1995 1533 2032 synodus
1557 1993 1784 2022 Protestantium
1813 1998 2034 2026 convocaretur,
2061 2000 2150 2027 quare

371 2041 539 2068 Melanthon
558 2041 654 2069 iussus
677 2046 719 2068 est
743 2040 869 2068 scribere
892 2040 1070 2077 quarundam
1095 2040 1355 2068 controversiarum
1377 2037 1597 2066 diiudicationes
1629 2045 1735 2072 easque
1758 2034 1999 2062 Francofordiam
2027 2034 2057 2061 in
2081 2042 2149 2061 eon-

373 2090 488 2111 ventum
512 2084 678 2121 Principum
699 2084 821 2111 mittere.

264 2126 312 2155 27.
337 2125 509 2154 Dossam‘am
530 2127 723 2163 proficiscitur
746 2125 782 2153 ad
803 2125 985 2153 Ioachimum
1008 2125 1208 2153 Anhaltinum.

147 2169 234 2199 Mart.
285 2172 293 2197 1
334 2169 504 2198 Conventus
528 2169 669 2197 Ordinum
694 2168 807 2206 imperii
826 2167 1058 2196 Francofordiae.

269 2553 306 2582 23

341 2212 538 2240 Melanthonis
561 2213 706 2240 sententia
727 2211 857 2248 Principi
881 2210 1008 2239 Electori
1032 2212 1121 2239 missa
1145 2212 1179 2238 de
1203 2210 1317 2248 synodo
1342 2208 1568 2237 Protestantium
1593 2206 1791 2235 convocanda.

308 2276 314 2283 .
340 2255 407 2283 Mel.
432 2253 569 2293 staphyli
594 2255 754 2283 calumnias
776 2254 879 2282 refutat
900 2255 1018 2291 scripto.

308 2298 425 2326 ,Mittit
449 2299 653 2326 orationem
677 2299 718 2325 de
740 2296 927 2334 Gregorio
952 2296 1201 2324 Nazianzeno.

308 2362 314 2368 .
338 2340 507 2377 Languetus
529 2342 559 2368 in
583 2342 666 2379 epist.
696 2341 732 2368 ad
754 2339 922 2368 Calvinum:
954 2338 1118 2375 „Dominus
1139 2339 1291 2376 Philippus
1314 2339 1412 2373 annis,
1436 2337 1599 2371 laboribus,
1628 2334 1779 2363 calumniis
1809 2340 1835 2361 et
1859 2331 2056 2370 sycophantiis
2078 2330 2152 2359 mul—

373 2393 466 2411 torum
500 2384 540 2411 ita
574 2383 680 2412 fractus
710 2388 773 2417 est,
802 2388 833 2410 ut
859 2393 895 2410 ex
922 2383 973 2410 illa
1001 2388 1140 2410 consueta
1168 2382 1313 2409 hilaritate
1336 2381 1408 2408 nihil
1431 2388 1551 2418 prorsus
1574 2379 1602 2406 in
1630 2387 1664 2406 eo
1693 2378 1730 2405 sit
1752 2376 1903 2413 reliquum.
1951 2375 2033 2403 Adeo
2055 2378 2152 2402 autem

372 2427 451 2454 tenui
474 2432 501 2454 et
522 2427 634 2454 incerta
654 2426 819 2454 valetudine
842 2431 895 2460 est,
918 2435 955 2453 ex
979 2435 1036 2462 quo
1057 2425 1195 2453 rediimus
1219 2424 1389 2459 Wormatia,
1414 2428 1444 2451 ut
1467 2423 1516 2450 vix
1539 2430 1606 2459 spes
1629 2421 1675 2455 sit,
1699 2430 1763 2448 eum
1787 2420 1835 2447 diu
1859 2418 2106 2456 superfuturum.“

338 2468 505 2497 Declaratio
538 2469 707 2507 Principum
735 2469 964 2497 Protestantium
995 2469 1024 2495 in
1054 2468 1178 2496 comitiis
1201 2466 1474 2500 Francot'ordianis,
1507 2465 1592 2501 vulgo
1625 2469 1688 2500 „Der
1717 2462 1891 2495 &tnntfurtet
1915 2461 2016 2497 fflecefi.
2045 2459 2089 2487 vel
2111 2459 2152 2488 bie

377 2513 551 2546 &mutuaret
571 2512 882 2546 (Somno‘ltlonsssdirlffl
909 2512 993 2540 dicta.

312 2577 318 2583 .
344 2554 509 2583 Heshnsius
530 2555 584 2582 iter
607 2555 767 2592 ingreditur
790 2554 1020 2591 Heidelbergam.
