2299 2921
115 102 178 136 241

158 200 224 238 Ego
244 209 323 237 vero,
344 201 390 229 vir
412 204 482 238 opt„
504 209 569 228 cum
588 199 686 228 officio
703 216 746 221 —-
759 208 891 236 quarum.
918 198 958 234 Π,
982 199 1054 230 972.

160 244 254 272 Erunt
274 244 306 271 in
324 244 379 272 hac
401 243 502 271 mundi
525 247 644 271 senecta
662 242 812 279 paulatim.
840 242 909 279 VII,
933 242 1005 272 827.

158 286 214 315 Est
235 287 312 324 apud
333 295 388 314 nos
410 286 562 323 quispiam.
586 284 610 321 Ι,
635 285 707 314 936.

158 329 213 358 Est
235 329 353 358 omnino
374 328 433 356 Dei
455 329 563 356 donum
586 328 751 357 concordia.
776 326 844 361 VH,
871 328 962 357 1149.

157 371 196 399 Et
214 376 300 400 antea
321 381 367 399 me
386 371 504 400 duriter.
527 370 580 406 VI,
601 371 674 400 946.

158 415 199 443 Et
219 415 340 451 collegis
367 414 440 442 meis
463 418 491 442 et
513 414 593 443 mihi.
618 412 670 448 VI,
696 413 766 442 663.

158 457 198 485 Et
219 458 254 485 de
277 458 355 486 bello
377 455 536 486 Saxonico.
561 455 630 492 VII,
655 456 727 485 486.

158 502 198 531 Et
221 504 312 532 debeo
333 504 362 529 et
384 501 413 531 h.
438 510 466 538 g.
490 500 568 537 quod
586 500 617 527 in
635 498 798 528 scribendo.
822 496 878 533 IX,
903 498 973 526 643.

158 546 198 575 Et
220 545 359 584 diligebat
379 548 407 572 te
428 542 584 572 Lutherus.
605 540 657 576 ΥΙ,
680 542 732 571 93.

159 589 225 618 Etsi
247 589 372 617 arbitror
390 587 443 614 tibi
463 591 571 614 notum.
596 585 634 620 V,
659 584 708 613 39.

158 632 223 661 Etsi
245 630 376 660 artificiis
394 629 552 657 hominum.
576 627 630 662 VI,
656 627 726 655 258.

158 675 223 703 Etsi
246 673 409 711 cogitabam
431 672 483 700 tibi
507 675 536 698 et
558 670 632 699 aliis.
653 668 710 704 IX,
733 669 804 698 538.

157 717 222 746 Etsi
244 717 377 745 desidero
400 715 543 752 quaedam
566 714 605 742 in.
631 712 684 747 VI,
706 712 775 741 134.

157 759 223 788 Etsi
243 759 404 788 domestica
428 766 524 785 nosse.
554 754 638 790 VIII,
663 754 734 784 224.

158 801 223 830 Etsi
245 803 373 830 humana
394 801 493 828 omnia
515 799 671 827 instabilia.
696 796 765 832 VII,
790 797 860 826 586.

158 844 224 873 Etsi
245 846 300 874 iter
322 845 359 872 ad
382 847 556 872 conventum
575 841 656 870 mihi.
678 839 732 875 ΥΙ,
754 840 804 869 26.

157 888 221 916 Etsi
245 888 317 916 mihi
339 896 390 915 seu
413 890 540 923 propter.
560 883 613 919 VI,
638 884 708 912 591.

157 930 223 958 Etsi
245 930 328 959 multi
350 930 506 967 prudentes
526 928 702 956 existimant.
726 924 793 961 ΥΠ,
818 925 888 954 813.

156 973 222 1001 Etsi
245 973 369 1001 nuncius
390 972 535 1000 Andreas.
560 969 628 1004 ΥΠ,
648 970 719 998 580.

156 1015 223 1044 Etsi
246 1016 371 1053 optarim
394 1014 545 1050 Principes
567 1013 597 1040 in
620 1012 698 1048 Ripa
720 1010 808 1039 Meni.
833 1008 889 1046 IX,
913 1009 984 1038 555.

157 1057 231 1093 Etsi,
254 1063 285 1086 ut
309 1059 351 1093 fit,
375 1058 405 1085 in
427 1056 588 1084 discordiis.
611 1053 664 1088 VI,
690 1053 761 1083 180.

156 1101 221 1129 Etsi
244 1104 397 1129 vocaverat
418 1109 464 1127 me
487 1098 648 1126 Palatinus.
684 1095 741 1131 IX,
768 1095 836 1124 159.

156 1143 298 1172 Exercuit
319 1152 366 1171 me
384 1142 432 1170 hic
454 1150 557 1169 annus.
582 1138 664 1173 vm,
690 1139 740 1168 25.

156 1185 353 1214 Existimabat
374 1193 406 1213 se
428 1184 476 1212 hic
498 1182 627 1212 Samuel.
651 1181 720 1216 ΥΙΙ,
746 1182 817 1210 766.

158 1228 305 1256 Existimo
328 1228 428 1256 Vitum
447 1227 533 1255 hunc.
557 1225 581 1260 Ι,
601 1225 673 1255 954.

155 1271 305 1300 Foelicem
329 1276 356 1298 et
378 1270 502 1298 faustum
525 1278 632 1296 annum
654 1284 695 1288 —
718 1271 799 1303 opto,
822 1275 846 1307 c.
872 1265 910 1294 H.
936 1265 972 1300 V,
998 1264 1046 1294 24.

156 1314 266 1345 Fontes
290 1323 389 1341 earum
413 1311 655 1340 consolationum.
680 1308 749 1344 ΥΙΙ,
773 1309 844 1338 421.

156 1357 304 1385 Fortassis
327 1357 495 1393 priusquam
518 1354 575 1383 hic.
595 1352 664 1388 VII,
684 1353 754 1381 641.

155 1400 224 1428 Fuit
246 1399 316 1427 olim
339 1398 518 1427 consuetudo
541 1396 699 1434 supplices.
721 1394 790 1430 VH,
814 1395 883 1424 648.

156 1442 273 1471 Genius
292 1442 371 1470 urbis
394 1446 516 1469 vestrae.
542 1439 597 1474 HI,
622 1440 693 1468 376.

157 1484 311 1513 Geuderus
332 1484 443 1521 quaerit
462 1483 537 1511 filiis.
560 1481 628 1515 ΥΠ,
653 1482 724 1510 681.

156 1527 280 1556 Gratum
304 1528 432 1555 officium
455 1526 536 1558 facis,
556 1525 593 1553 mi
618 1524 711 1559 Hier.,
735 1524 821 1561 quod.
844 1523 869 1559 Ι,
894 1523 965 1552 650.

155 1570 317 1604 Hactenus,
341 1570 377 1597 ad
400 1574 427 1596 te
450 1569 587 1597 scribere.
613 1566 667 1601 IV,
693 1567 764 1595 736.

155 1613 240 1642 Haec
266 1622 330 1640 cum
354 1612 509 1640 scriberem
539 1612 567 1638 in
597 1610 644 1637 die
677 1610 752 1637 sacri
782 1608 919 1646 nuptialis
948 1608 1025 1637 filiae
1048 1625 1089 1630 —

196 1655 335 1693 gratulor.
382 1654 474 1692 Spero
497 1654 534 1681 ad
558 1662 619 1682 vos.
642 1651 695 1687 VI,
718 1652 789 1681 412.

154 1697 239 1727 Haec
272 1707 337 1726 cum
366 1697 523 1726 scriberem
546 1697 575 1724 in
602 1696 649 1723 die
678 1695 753 1724 sacri
778 1695 917 1733 nuptialis
940 1695 1019 1723 filiae
1047 1710 1090 1715 -—-
1114 1689 1116 1714 ¹.

197 1741 337 1778 gratulor.
385 1740 481 1768 Venio
502 1740 539 1767 ad
562 1742 774 1776 argumentum.
802 1738 855 1773 VI,
879 1740 950 1768 411.

156 1783 242 1812 Hanc
263 1783 418 1821 epistolam
439 1792 503 1810 cum
527 1781 644 1818 Carpho
667 1782 774 1810 darem.
811 1781 868 1817 IX,
890 1781 961 1811 924.

156 1825 243 1854 Hanc
266 1826 418 1863 epistolam
441 1825 507 1852 dedi
530 1824 581 1853 illi.
606 1824 630 1859 Ι,
655 1825 746 1853 1077.

155 1868 243 1897 Hanc
266 1868 419 1906 epistolam
443 1868 509 1895 dedi
530 1877 604 1896 meo.
625 1866 650 1901 Ι,
675 1867 746 1896 993.

155 1910 242 1939 Hanc
265 1913 347 1948 epist.
372 1911 467 1938 scribo
489 1909 611 1946 Lipsiae
630 1909 677 1937 die
705 1910 750 1937 19.
777 1910 861 1939 Mart.
886 1908 955 1945 VII,
985 1909 1057 1939 962.

155 1953 242 1982 Hanc
271 1954 426 1991 epistolam
460 1953 564 1990 scripsi
598 1953 646 1980 die
678 1954 807 1981 secundo
830 1952 991 1983 Februarii.
1023 1952 1092 1989 ΥΠ,

155 2039 242 2067 Hanc
265 2039 419 2076 epistolam
438 2038 541 2075 scripsi
564 2038 611 2065 die
637 2037 684 2066 16.
709 2036 854 2068 Octobris.
879 2038 933 2074 ΥΙ,
958 2039 1028 2068 702.

156 2082 229 2111 Heri
250 2083 349 2110 literas
372 2082 469 2118 accepi
494 2090 530 2109 ex
553 2081 623 2108 urbe
646 2080 762 2110 Brema.
786 2080 843 2116 IX,
870 2081 961 2111 1032.

156 2124 216 2153 Hic
238 2125 408 2153 adolescens
431 2123 587 2160 Georgius.
612 2122 637 2157 Ι,
659 2123 750 2152 1086.

156 2167 215 2196 Hic
237 2172 335 2196 noster
358 2168 472 2195 auditor
494 2166 641 2194 Henricns
663 2166 803 2194 Ecardus.
824 2164 881 2202 IX,
907 2167 976 2196 185.

157 2210 216 2238 Hic
239 2210 430 2238 scholasticus
448 2209 614 2238 Leonartus
637 2208 794 2236 Ketncrus.
817 2208 885 2244 VII,
910 2210 980 2239 350.

158 2252 216 2280 Hic
239 2253 407 2280 tabellarius
426 2253 467 2280 ait
495 2262 534 2281 se.
559 2251 614 2286 III,
638 2252 709 2281 355.

157 2294 318 2323 Historiam
337 2296 427 2323 totius
450 2300 612 2323 conventus
631 2293 682 2332 Sp.
707 2294 731 2329 I,
758 2295 848 2324 1070.

157 2337 257 2366 Hodie
288 2338 387 2375 accepi
421 2342 486 2366 tuas
519 2338 619 2366 literas
653 2346 727 2374 quos
755 2336 848 2366 Lelio.
885 2336 952 2373 VII,
985 2337 1054 2367 632.

157 2380 257 2409 Hodie
276 2386 342 2417 post
360 2378 540 2409 Concionem
564 2381 728 2408 fasciculus.
751 2379 820 2416 VII,
843 2381 914 2410 939.

156 2422 219 2451 Iam
239 2433 317 2451 eram
339 2424 370 2450 in
392 2425 552 2461 procinctu.
576 2423 616 2457 ΙΙ,
637 2424 707 2452 900.

157 2465 319 2503 Imperator
343 2466 468 2494 iusserat
500 2464 584 2503 μετὰ.
610 2466 663 2500 ΙΥ,
686 2465 757 2495 565.

157 2508 191 2536 In
217 2509 417 2545 Argonautico
441 2510 567 2537 carmine
588 2509 768 2538 describitur.
794 2507 850 2543 IX,
875 2508 945 2539 608.

158 2550 191 2578 In
216 2552 313 2580 eadem
337 2552 405 2579 navi
427 2552 533 2588 ubique
555 2560 663 2580 sumus.
689 2551 773 2585 VIII,
800 2552 870 2582 142.

320 2617 466 2636 MELANTH.
480 2617 561 2636 OPER.
583 2617 645 2636 vot..
660 2617 760 2637 xxvnt.

305 103 344 136 ΙΙ.
377 98 567 137 INDICES.
612 103 651 136 H.
678 100 819 135 INDEX
839 101 1038 135 EPISTOL.
1061 101 1174 136 PHIL.
1196 101 1300 135 MEL.
1324 98 1666 138 ALPHABETICUS
1689 104 1776 138 PER
1799 105 1945 141 lNrrlA.

1116 475 1124 850 ι

1114 2012 1120 2274 ÷

1113 2317 1121 2592 ἱ

2064 110 2129 142 242

1189 198 1225 226 In
1248 198 1356 227 Esaiae
1378 199 1497 238 querela
1519 204 1594 230 sunt.
1618 200 1673 236 VI,
1697 201 1769 232 303.

1190 241 1226 269 In
1246 241 1370 279 pagellis
1392 253 1466 280 quac
1487 243 1603 271 titulum
1625 242 1732 271 habent
1754 244 1907 275 Demetrii.
1932 245 1989 282 IX,
2014 247 2084 277 172.

1189 283 1226 312 In
1248 284 1425 314 Pomerania
1447 285 1531 314 sedes
1555 291 1598 314 est
1618 285 1767 324 Episcopi.
1790 287 1860 323 VII,
1883 289 1955 319 757.

1190 326 1226 354 In
1248 327 1367 356 Psalmo
1389 328 1507 365 querela
1528 332 1573 356 est
1593 328 1753 359 Ecclesiae.
1779 329 1836 366 IX,
1860 331 1932 361 835.

1190 369 1226 397 In
1248 374 1299 397 tua
1318 372 1485 400 narratione
1507 371 1543 399 de
1565 373 1730 409 postremis,
1753 372 1822 408 VII,
1848 374 1919 403 402.

1189 411 1226 440 In
1248 412 1395 450 Tyrigetis
1419 423 1478 442 non
1500 414 1640 452 procula
1663 413 1772 445 Gotha.
1797 415 1868 452 VII,
1888 417 1959 446 455.

1190 454 1360 484 Institutum
1383 460 1464 485 tuum
1486 457 1560 485 bene
1582 457 1720 487 fortunet.
1744 457 1769 494 I,
1794 460 1865 489 790.

1189 496 1259 535 Ipse
1281 497 1363 527 Deus
1386 500 1505 537 sapiens
1523 517 1575 530 —.
1599 499 1683 528 Haec
1710 505 1786 530 vota.
1804 500 1864 537 IX,
1889 502 1961 532 721.

1188 539 1257 577 Ipse
1278 539 1360 569 Deus
1382 542 1500 579 sapiens
1523 559 1573 572 —.
1598 541 1663 571 Sint
1684 549 1781 572 autem
1803 550 1880 573 vota.
1913 543 1970 581 IX,
1994 545 2065 575 983.

1189 582 1236 610 Ita
1258 583 1301 618 fit,
1324 593 1388 612 cum
1413 585 1556 614 dubitant.
1581 585 1667 620 VIII,
1692 587 1763 616 515.

1189 625 1236 653 Ita
1257 635 1372 663 semper
1394 628 1568 657 existimavi.
1592 628 1661 663 VII,
1686 629 1736 658 88.

1188 668 1292 696 Lasari
1314 669 1474 706 ingenium,
1497 670 1678 701 modestiam.
1709 671 1779 708 VII,
1804 672 1874 702 568.

1188 710 1307 748 Lipsiae
1327 713 1427 750 accepi
1450 718 1478 740 et
1497 712 1671 743 Placotomi.
1694 714 1750 750 IX,
1775 715 1847 745 723.

1188 752 1334 782 Lutherus
1356 755 1468 791 aliquot
1490 756 1601 785 diebus.
1626 756 1650 791 I,
1676 757 1747 787 983.

1187 796 1291 824 Malim
1313 797 1351 825 ad
1374 802 1402 825 te
1424 798 1552 826 scribere
1575 799 1611 828 de
1634 799 1670 827 iis
1689 800 1787 830 rebus,
1812 799 1898 835 VIII,
1923 801 1994 831 316.

1188 839 1348 867 Meministi
1371 839 1494 876 Iolaum,
1519 842 1735 878 suscipientem.
1760 842 1818 878 ΙΙΙ,
1839 844 1912 873 613.

1189 881 1350 911 Meministi
1372 883 1479 912 multos
1501 885 1655 921 sapientes.
1679 884 1736 920 IX,
1761 885 1831 915 522.

1189 923 1347 952 Meministi
1370 935 1470 954 vocem
1491 926 1610 955 Psalmi.
1641 927 1724 963 VIII,
1747 928 1819 958 424.

1188 966 1349 995 Meministi
1373 969 1452 997 vocis
1470 969 1522 997 filii
1540 969 1609 1005 Dei,
1633 979 1698 998 cum
1721 971 1824 1008 inquit.
1850 970 1920 1007 ΥΙῙ,
1945 972 2016 1001 870.

1188 1008 1230 1036 Mi
1253 1009 1350 1044 Hier.,
1374 1011 1444 1047 quid
1466 1016 1547 1049 petat
1568 1012 1616 1040 hic
1638 1013 1732 1042 bonus
1752 1014 1804 1043 vir.
1826 1013 1852 1049 I,
1877 1014 1949 1044 699.

1189 1051 1262 1080 Mihi
1283 1061 1385 1080 recens
1407 1054 1525 1090 quidam
1549 1055 1773 1091 praedictiones.
1799 1055 1856 1091 IX,
1878 1057 1951 1087 429.

1189 1093 1263 1122 Mire
1286 1099 1401 1132 gratum
1423 1096 1554 1124 officium
1576 1097 1648 1125 facis
1672 1099 1761 1136 quoti.
1786 1098 1810 1133 Ι,
1836 1099 1907 1128 617.

1189 1137 1409 1166 Misericordiae
1432 1139 1553 1168 Domini
1577 1140 1671 1176 inquit
1694 1141 1851 1178 Propheta.
1877 1141 1964 1177 VIII,
1990 1142 2060 1172 867.

1188 1180 1409 1209 Misericordiae
1432 1181 1564 1218 Domini,
1587 1184 1666 1220 quod
1688 1193 1757 1213 non.
1780 1183 1867 1219 VIII,
1890 1184 1962 1214 618.

1188 1222 1256 1250 Misi
1278 1223 1409 1252 libellum
1432 1225 1504 1264 περὶ
1526 1225 1635 1264 ψυχῆς.
1662 1225 1718 1260 111,
1743 1227 1814 1256 926.

1188 1265 1272 1293 Mitto
1296 1267 1348 1294 tibi
1369 1269 1489 1303 genesin
1513 1269 1688 1305 Augustani.
1714 1268 1771 1303 ΙΙΙ,
1797 1270 1868 1299 753.

1188 1309 1281 1337 Multa
1303 1309 1387 1337 nobis
1411 1310 1546 1347 exempla
1568 1311 1703 1341 ostendit.
1728 1312 1766 1346 V,
1791 1312 1862 1342 866.

1188 1351 1282 1379 Multa
1303 1361 1459 1389 peccamus
1482 1362 1592 1383 omnes.
1617 1354 1686 1389 ΥΠ,
1710 1354 1780 1384 7ἲ8.

1188 1394 1282 1422 Multa
1300 1395 1424 1423 vidimus
1446 1405 1505 1424 non
1524 1397 1648 1424 obscura
1670 1398 1763 1434 signa.
1789 1397 1846 1433 IX,
1871 1398 1942 1428 396.

1187 1438 1287 1466 Multis
1311 1439 1486 1466 coniecturis
1519 1440 1676 1468 ratiocinor
1698 1444 1799 1470 totum.
1825 1440 1880 1477 VI,
1905 1441 1976 1471 825.

1186 1479 1292 1518 Neque
1315 1481 1385 1509 mihi
1407 1482 1478 1510 libet
1499 1482 1530 1509 in
1552 1483 1728 1512 valetudine.
1754 1484 1777 1518 Ι,
1799 1484 1871 1513 713.

1186 1522 1271 1552 Nihil
1293 1524 1389 1553 minus
1412 1525 1501 1559 volui,
1524 1534 1610 1562 quam
1635 1530 1745 1555 auctor.
1770 1525 1795 1561 I,
1820 1527 1891 1556 686.

1188 1566 1254 1594 Nisi
1277 1567 1432 1595 arbitrarer
1454 1577 1472 1595 a
1494 1567 1608 1604 legatis.
1634 1568 1687 1603 IV,
1710 1570 1778 1597 171.

1187 1608 1256 1637 Non
1275 1610 1441 1638 dubitabam
1462 1611 1541 1648 quin.
1567 1610 1591 1646 Ι,
1615 1612 1686 1640 938.

1186 1651 1256 1680 Non
1280 1653 1380 1681 dubito
1402 1653 1518 1688 famam,
1543 1658 1574 1682 ut
1597 1654 1680 1682 solet.
1699 1654 1768 1689 VII,
1793 1654 1864 1683 620.

1186 1694 1256 1723 Non
1281 1696 1382 1724 dubito
1406 1695 1586 1724 Ioachimum
1611 1698 1738 1734 copiose.
1765 1696 1851 1732 VIII,
1872 1698 1947 1727 511.

1185 1737 1257 1766 Non
1281 1739 1391 1774 dubito,
1417 1740 1486 1775 quin
1510 1739 1692 1767 familiariter
1710 1740 1787 1768 feras
1810 1740 1932 1770 Neseni.
1959 1739 1984 1775 Ῑ,
2010 1741 2081 1770 664.

1184 1780 1255 1809 Non
1278 1781 1379 1810 dubito
1400 1786 1439 1817 te,
1463 1791 1528 1810 cum
1551 1787 1588 1811 et.
1612 1782 1650 1817 V,
1674 1783 1725 1812 94.

1185 1823 1255 1853 Non
1277 1828 1320 1852 est
1342 1824 1500 1854 oblivione.
1526 1824 1550 1859 Ι,
1574 1825 1646 1854 975.

1185 1866 1256 1895 Non
1274 1877 1350 1895 nunc
1374 1868 1498 1904 primum
1521 1877 1636 1905 queror.
1658 1868 1698 1904 ΙΙ,
1725 1869 1796 1898 63].

1186 1910 1256 1938 Νοῐ]
1278 1911 1371 1947 potuit
1394 1911 1424 1938 in
1446 1915 1526 1939 tanto
1551 1920 1703 1940 concursu.
1730 1910 1786 1946 ΙΙΙ,
1813 1911 1882 1940 192.

1186 1952 1257 1981 Non
1280 1962 1343 1981 sum
1367 1958 1425 1981 tam
1449 1954 1591 1990 stupidus.
1618 1954 1642 1988 I,
1667 1955 1738 1983 791.

1187 1995 1258 2024 Non
1281 2001 1342 2024 toto
1366 2005 1464 2024 mense
1487 2001 1563 2026 ante.
1589 1996 1645 2031 IX,
1674 1997 1742 2026 189.

1186 2038 1296 2067 Noster
1318 2039 1429 2067 amicus
1452 2039 1599 2069 BrentiuS.
1626 2039 1711 2074 VIII,
1736 2039 1808 2069 602.

1185 2081 1297 2110 Nostra
1319 2082 1443 2110 dissidia
1466 2086 1496 2109 et
1516 2083 1677 2112 audaciam.
1704 2082 1757 2117 VI,
1780 2082 1851 2111 901.

1186 2124 1301 2160 Nostri,
1324 2130 1356 2153 ut
1378 2125 1586 2155 eonxiviorum.
1608 2125 1633 2160 I,
1658 2126 1729 2154 797.

1186 2167 1279 2195 Nulla
1301 2177 1360 2197 vox
1382 2168 1412 2195 in
1435 2168 1518 2197 coelo
1543 2173 1571 2196 et
1592 2169 1622 2195 in
1646 2172 1731 2197 terra.
1758 2167 1828 2203 VII,
1852 2168 1926 2198 975.

1186 2209 1294 2238 Nullas
1314 2211 1534 2245 occultationes,
1557 2211 1638 2240 nihil.
1664 2210 1733 2245 VII,
1759 2211 1828 2240 144.

1186 2252 1304 2281 Numen
1327 2259 1358 2281 ut
1381 2255 1500 2283 aeterni.
1521 2253 1592 2289 VII,
1616 2254 1688 2282 960.

1187 2295 1267 2324 Olim
1290 2296 1390 2334 Mysos
1414 2295 1585 2326 Homerum.
1611 2296 1664 2330 VI,
1690 2296 1762 2325 373.

1186 2338 1332 2367 Omnibus
1351 2340 1495 2368 aetatibus
1518 2339 1616 2369 exilia.
1642 2338 1695 2374 VI,
1721 2338 1792 2368 298.

1185 2380 1355 2419 Optandum
1379 2382 1494 2418 quidem
1518 2386 1570 2416 est,
1595 2386 1626 2410 ut
1649 2382 1750 2418 aliqui.
1776 2381 1845 2416 VII,
1869 2381 1942 2411 339.

1185 2423 1246 2452 Oro
1270 2425 1361 2452 filium
1380 2424 1438 2452 Dei
1456 2441 1506 2454 -—.
1521 2424 1616 2462 Saepe
1635 2425 1731 2462 cogito
1750 2425 1958 2462 precationem.
1985 2423 2042 2460 IX,
2056 2424 2128 2455 792·

1186 2467 1297 2496 Paulus
1320 2468 1434 2496 Eberus
1458 2477 1574 2505 magno.
1597 2467 1652 2503 ΙΙΙ,
1680 2468 1770 2497 1018.

1186 2510 1297 2538 Paulus
1319 2514 1418 2538 noster
1441 2511 1664 2540 adolescentiae.
1688 2510 1741 2545 IV,
1763 2511 1834 2540 808.

1186 2552 1244 2580 Per
1264 2554 1334 2581 mihi
1353 2553 1510 2581 iucundum
1534 2553 1596 2583 fuit.
1622 2553 1645 2588 I,
1671 2553 1742 2582 758.
