2299 2921
156 131 221 164 359
812 125 997 158 PnlLlPPl
1019 125 1340 158 MELANTHONIS
1364 125 1527 158 OPERA.

158 227 274 256 Dicitur
295 226 352 255 ista
371 226 444 254 dies.
476 223 517 260 X,
542 225 613 254 642.

159 270 274 299 Discite
297 269 448 297 iustitiam.
483 267 523 301 X,
544 267 614 296 668.

159 312 294 347 Divinas,
317 312 476 345 Ioachime,
500 310 664 338 conciones.
699 308 723 344 I,
745 308 816 338 644.

160 355 270 384 Divino
293 358 457 392 praecepta.
493 351 534 386 X,
558 352 629 381 49²2.

160 398 274 426 Doctor
297 402 359 425 erat
378 397 459 424 iuris.
495 395 534 429 X,
559 394 630 424 623.

161 440 335 469 Doctrinam
359 449 395 466 ex
418 437 512 465 Pauli.
548 436 588 472 X,
614 437 685 466 632.

159 482 238 511 Dum
261 492 327 510 mea
349 481 574 510 Grammatieae.
610 479 650 514 X,
675 479 746 509 528.

159 526 243 554 Dura
267 533 354 553 voces
376 527 542 562 praecepta.
576 522 661 558 vm,
685 523 755 551 635.

161 567 186 596 E
210 576 302 606 parvo
325 566 447 596 alveolo.
483 565 524 600 X,
550 565 621 595 486.

161 611 186 639 E
210 619 293 638 sacro
316 614 480 647 postquam.
510 608 551 643 X,
576 609 648 638 545.

161 654 248 682 Edita
270 652 383 681 Iuliaca
404 652 506 680 fuerat.
542 651 582 686 X,
608 651 679 681 621.

161 695 320 724 Effundam
346 696 456 723 flatum.
489 693 531 729 X,
556 694 626 723 646.

162 739 321 776 Eloquium
344 743 373 765 et
395 746 542 766 numeros.
577 735 618 770 X,
641 736 712 766 584.

162 782 328 811 Emendare
351 781 496 818 strophas.
530 779 569 814 X,
594 780 665 808 576.

162 823 302 853 Emserus
324 833 412 861 caper
436 828 489 852 cst.
522 821 563 857 X,
587 822 658 851 482.

161 866 208 896 En
231 868 307 895 iacet
329 866 360 894 in
384 866 486 904 paleis.
522 864 563 900 X,
590 865 661 893 653.

162 910 319 944 Enarrare,
342 909 452 938 labore.
486 907 526 943 X,
554 907 625 936 552.

163 953 282 990 Ergone
304 952 458 990 supremis.
492 950 532 986 X,
557 951 628 979 655.

164 996 239 1024 Esse
261 995 358 1023 Deum
384 999 542 1022 aeternam.
574 992 615 1028 X,
639 993 709 1022 560.

164 1039 238 1067 Esse
262 1038 368 1072 Deum,
393 1038 529 1066 ostendit.
559 1034 600 1070 X,
623 1036 693 1064 640.

164 1081 219 1109 Est
241 1081 312 1109 mihi
336 1090 411 1118 quae
434 1081 514 1108 scite.
551 1078 591 1113 X,
617 1079 688 1107 534.

165 1124 205 1152 Et
228 1124 313 1152 simul
337 1123 487 1152 auxilium.
524 1122 564 1157 X,
590 1122 660 1150 627.

166 1167 299 1195 Eventus
318 1166 395 1203 quod
417 1166 535 1194 habent.
569 1164 610 1199 X,
635 1164 705 1192 539.

166 1210 213 1238 Ex
237 1219 295 1246 quo
318 1209 439 1247 Cygnus
463 1217 562 1236 ovans.
598 1206 670 1242 XX,
695 1206 765 1235 767.

165 1253 292 1289 Exiguis
313 1253 393 1280 addit
416 1252 500 1280 vires.
533 1249 573 1284 X,
600 1251 670 1279 513.

166 1296 299 1333 Exoptat
322 1295 432 1323 Paulus
454 1294 516 1322 tibi.
550 1293 591 1327 X,
616 1293 686 1321 525.

168 1339 298 1375 Exoptat
320 1338 431 1366 Paulus
454 1337 544 1365 vobis.
576 1336 616 1371 X,
637 1335 708 1364 524.

168 1381 244 1409 Exul
269 1386 331 1409 erat
352 1381 494 1410 Christus.
530 1379 570 1414 X,
596 1379 667 1407 658.

168 1424 275 1452 Exulet
298 1424 369 1452 urbe
392 1432 453 1452 sua.
484 1422 524 1457 X,
548 1422 619 1451 486.

169 1467 228 1495 Fas
250 1468 287 1495 sit
311 1467 415 1495 Atrida
437 1466 518 1493 mihi.
552 1464 592 1500 X,
616 1464 687 1493 546.

169 1510 289 1538 Feceris
310 1510 387 1537 haud
412 1509 576 1546 quicquam.
606 1507 644 1542 X,
665 1507 736 1536 589.

169 1553 268 1588 Felix,
292 1553 351 1588 ille,
374 1552 471 1580 Deum
493 1567 531 1571 --
557 1551 596 1578 Et
617 1559 686 1579 non.
720 1549 760 1587 X,
786 1549 855 1579 512.

170 1595 254 1624 Felix
278 1597 327 1633 qui
350 1595 446 1633 potuit
468 1604 573 1622 rerum.
603 1593 643 1628 X,
668 1594 738 1623 539.

170 1639 287 1667 Fertilis
307 1638 472 1676 Agricolae.
508 1636 549 1672 X,
575 1638 645 1666 544.

171 1682 321 1710 Fluctibus
343 1684 372 1709 in
396 1681 508 1710 mediis,
546 1679 586 1715 X,
611 1680 681 1709 626.

170 1724 285 1759 Foclix,
305 1724 364 1759 ille,
383 1724 479 1752 Deum
499 1741 540 1744 —
560 1722 651 1751 Cuius
670 1723 794 1751 delitiae.
819 1720 858 1758 X,
872 1722 942 1751 511.

171 1767 314 1796 Formicis
335 1768 442 1805 gaudet
463 1767 592 1795 formica.
625 1765 665 1800 X,
689 1766 760 1795 564.

170 1810 243 1839 Fors
268 1815 297 1838 et
319 1811 453 1838 concilio.
487 1809 527 1844 X,
553 1809 624 1838 546.

170 1853 258 1882 Forte
282 1854 371 1882 cubos
393 1854 524 1890 primurn.
560 1851 599 1886 X,
623 1852 695 1881 663.

172 1896 261 1925 Forte
284 1896 363 1924 domi
385 1896 474 1924 solus.
507 1894 547 1929 X,
573 1895 643 1923 530.
668 1895 737 1923 669.

172 1939 261 1967 Forte
285 1939 396 1976 equites
419 1939 505 1976 Mysi.
538 1937 578 1972 X,
603 1938 673 1966 501.

174 1981 294 2019 Frigida
316 1982 345 2009 in
368 1982 423 2009 hoc
445 1981 556 2009 tumulo
578 1980 737 2009 Benedicti.
772 1979 812 2016 X,
835 1980 905 2009 599.

172 2025 292 2062 Frigida
313 2025 343 2052 in
366 2025 422 2052 hoc
445 2024 555 2052 tumulo
579 2024 697 2053 Mariae.
733 2022 773 2058 X,
798 2022 868 2052 582.

173 2066 271 2095 Gnate
293 2067 352 2096 Dei
375 2067 498 2104 effigies.
527 2067 567 2101 X,
591 2067 661 2096 609.

174 2110 271 2139 Gnate
293 2109 348 2137 Dei
373 2111 433 2139 tibi.
465 2110 505 2145 X,
530 2110 600 2138 603.

174 2153 266 2181 Gnati
287 2163 408 2181 munera
430 2162 551 2181 summa.
587 2152 643 2187 IX,
668 2152 738 2181 375.

173 2195 298 2225 Gratum
322 2201 367 2224 est
389 2197 414 2223 si
437 2196 561 2224 dederis.
591 2195 630 2230 X,
655 2195 725 2224 670.

174 2239 255 2267 Haec
278 2239 410 2267 Ducibus
434 2239 518 2276 grati.
553 2237 593 2272 X,
618 2238 688 2265 660.

174 2282 256 2310 Haec
279 2286 322 2310 est
343 2282 458 2319 Aepini.
494 2281 533 2316 Χ,
555 2282 625 2310 621,
651 2278 660 2282 ”

172 2324 254 2353 Haec
277 2330 471 2352 monumenta.
506 2324 545 2358 X,
571 2325 641 2352 551.

174 2367 258 2395 Haec
279 2368 361 2405 pueri
385 2377 479 2396 verae.
514 2367 554 2402 X,
580 2367 651 2396 533.

175 2410 256 2438 Haec
279 2411 445 2448 quicunque
467 2411 558 2447 leges,
583 2411 617 2437 si.
652 2409 689 2444 V,
715 2409 784 2438 564.

175 2453 257 2481 Haec
280 2454 445 2490 quicunque
468 2453 542 2490 logis
565 2452 707 2481 Danielis.
743 2452 797 2488 IV,
821 2452 891 2482 898.

173 2495 256 2523 Haec
278 2496 329 2523 tibi
352 2496 473 2525 Milifihi.
509 2496 549 2530 X,
573 2496 644 2525 541.

175 2538 259 2566 Haec
284 2539 342 2566 vita
363 2540 471 2576 gaudet
491 2539 640 2576 improbis.
674 2538 731 2574 III,
755 2538 825 2568 587.

176 2581 261 2609 Hane
285 2582 401 2610 adflicta
423 2582 484 2610 tibi.
519 2581 541 2617 1,
565 2582 653 2611 1056.

1169 551 1172 571 2

1172 874 1175 881 «

1173 925 1176 934 ι

1175 1127 1178 1140 t

1175 1147 1178 1154 ›

1175 1317 1179 1379 ἓ

2113 125 2196 167 860,

1192 222 1280 251 Hanc
1302 221 1450 259 speculum
1474 222 1542 250 ἤϊε..
1580 220 1620 257 X,
1645 222 1716 252 650.

1192 265 1332 294 Hectoris
1356 274 1501 302 exponam
1522 265 1614 293 vobis.
1647 264 1688 300 X,
1711 265 1782 296 545.

1193 308 1316 336 Henrici
1340 316 1446 345 corpus
1469 316 1604 344 posuere.
1635 307 1676 342 X,
1701 308 1771 338 641.

1194 350 1397 387 Hermogenes
1420 350 1518 377 voluit.
1548 350 1589 385 X,
1614 351 1686 380 654.

1194 393 1236 422 Hi
1258 394 1307 430 pia
1330 393 1398 421 dum
1421 393 1531 430 patriiS.
1566 393 1606 428 X,
1631 393 1702 422 552.

1195 436 1237 464 Hi
1262 436 1366 464 virtute
1389 445 1466 463 suae.
1500 435 1541 471 X,
1565 436 1637 466 660.

1195 478 1255 506 Hic
1276 479 1354 506 iacet
1374 488 1409 506 ac
1432 478 1556 516 placida.
1589 478 1630 513 X,
1655 479 1725 508 559.

1196 520 1255 549 Hic
1278 531 1323 549 me
1347 521 1402 549 flos
1425 521 1528 549 violae.
1562 521 1601 556 X,
1627 522 1698 551 608.

1196 563 1256 592 Hic
1277 564 1376 602 posuit
1398 564 1467 593 nati.
1498 563 1539 599 X,
1563 564 1634 594 532.

1197 606 1256 635 Hic
1279 607 1336 634 sita
1353 605 1538 635 Lindemani.
1571 606 1612 641 X,
1637 607 1707 637 557.

1197 649 1257 678 Hic
1275 649 1387 677 tumulo
1409 649 1534 686 placida.
1568 649 1608 684 X,
1632 650 1702 679 557.

1197 692 1277 720 Hinc
1297 692 1346 720 ubi
1369 692 1498 721 collectis
1521 692 1651 720 ducibus.
1687 692 1740 727 IV,
1765 694 1835 723 639.

1197 734 1255 763 His
1280 735 1375 773 epulis
1398 735 1541 772 donisque
1564 735 1631 763 tuis.
1664 735 1703 771 X,
1723 736 1794 766 493.

1198 777 1256 806 His
1278 778 1353 815 grati
1376 778 1463 807 cives.
1494 777 1535 813 X,
1560 778 1632 806 661.

1199 820 1364 848 Historiam
1386 820 1547 849 Herodoto.
1580 820 1620 854 X,
1646 821 1717 850 656.

1200 863 1267 891 Hoc
1289 862 1440 891 Encaenia
1463 863 1553 892 laeta.
1590 862 1630 897 X,
1652 864 1722 893 636.

1201 906 1269 934 Hoc
1293 907 1379 934 etiam
1403 906 1511 934 dictum
1537 910 1589 934 est.
1622 905 1663 941 X,
1684 906 1753 935 643.

1200 948 1268 977 Hoc
1291 958 1365 977 saxo
1385 949 1499 986 tegitur.
1535 949 1574 983 X,
1600 949 1670 978 598.

1201 991 1270 1020 Hoc
1293 992 1399 1028 tegitur
1422 1001 1496 1020 saxo
1517 990 1691 1019 Christinae.
1726 990 1766 1027 X,
1791 992 1862 1022 598.

1202 1035 1269 1063 Hoc
1292 1035 1398 1071 tegitur
1420 1044 1494 1063 saxo
1518 1034 1642 1063 Giberti.
1676 1034 1717 1070 X,
1737 1035 1807 1065 581.

1202 1077 1270 1106 Hoc
1294 1077 1405 1105 tumulo
1429 1083 1534 1106 castae.
1569 1076 1609 1112 X,
1633 1078 1704 1106 626.

1203 1120 1271 1148 Huc
1293 1121 1364 1148 ades
1387 1121 1510 1149 auditor.
1544 1119 1584 1155 X,
1609 1120 1679 1149 487.

1203 1163 1271 1190 Huc
1294 1163 1370 1200 agite
1395 1173 1411 1191 o
1435 1163 1549 1201 populi.
1584 1162 1625 1198 X,
1649 1163 1719 1192 509.

1204 1205 1284 1233 Huic
1308 1206 1391 1234 horto
1416 1207 1506 1234 cedet.
1536 1205 1577 1240 X,
1602 1205 1673 1234 506.

1204 1248 1358 1276 Humanas
1381 1257 1532 1285 superans.
1570 1247 1611 1282 X,
1636 1248 1706 1277 668.

1203 1290 1293 1319 Hunc
1316 1291 1436 1318 Andrea
1454 1291 1539 1319 diem.
1576 1290 1617 1325 X,
1643 1290 1713 1320 564.

1204 1334 1294 1362 Hunc
1318 1334 1404 1361 etiam
1429 1335 1581 1362 calamum.
1616 1332 1657 1367 X,
1681 1334 1751 1363 487.

1176 1383 1179 1418 2
1204 1376 1293 1405 Hunc
1310 1377 1362 1404 tibi
1385 1377 1521 1406 iustitiae.
1552 1375 1593 1411 X,
1618 1376 1689 1405 584.

1177 1627 1181 1754 i

1178 1791 1181 1823 ι

1178 1826 1181 1897 ἑ

1177 1899 1181 1948 1

1204 1419 1266 1448 Iam
1289 1420 1363 1447 redit
1386 1429 1401 1447 e
1421 1418 1523 1448 Cattis.
1559 1418 1600 1454 X,
1624 1419 1694 1448 532.

1205 1463 1301 1500 Impia
1323 1472 1388 1490 cum
1411 1467 1537 1491 ruerent.
1572 1461 1612 1497 X,
1638 1462 1708 1491 631.

1205 1505 1240 1533 In
1264 1515 1356 1534 coena
1375 1507 1499 1534 conviva
1521 1506 1602 1534 mihi.
1640 1504 1680 1540 X,
1701 1506 1771 1534 504.

1204 1548 1240 1576 In
1264 1549 1358 1577 forma
1379 1549 1456 1585 quod
1479 1558 1541 1577 nos.
1576 1547 1617 1582 X,
1642 1548 1712 1577 648.

1205 1591 1241 1619 In
1263 1600 1370 1628 genere
1393 1592 1521 1620 humano
1544 1592 1644 1620 cernit.
1676 1590 1716 1626 X,
1741 1591 1812 1622 656.

1205 1634 1239 1662 In
1262 1635 1361 1662 ludum
1386 1635 1511 1671 quidam.
1544 1634 1585 1670 X,
1610 1634 1681 1663 513.

1206 1677 1241 1705 In
1264 1678 1416 1706 Macedum
1438 1678 1564 1715 populis.
1592 1676 1635 1712 X,
1658 1677 1728 1706 612.

1205 1720 1240 1748 Iu
1264 1721 1358 1758 prima
1379 1726 1569 1758 pugnantem.
1603 1718 1643 1754 X,
1669 1720 1740 1750 667.

1205 1763 1240 1792 In
1263 1765 1343 1792 tenui
1366 1765 1508 1801 quamvis.
1544 1762 1584 1798 X,
1609 1763 1679 1792 580.

1206 1806 1241 1834 In
1264 1811 1325 1835 tota
1349 1807 1407 1834 vita
1429 1816 1575 1835 numeros.
1608 1805 1649 1840 X,
1675 1806 1746 1835 609.

1205 1850 1239 1877 In
1264 1850 1340 1878 tristi
1362 1850 1471 1878 sudans
1494 1850 1581 1887 quod.
1616 1848 1656 1884 X,
1682 1849 1751 1879 637.

1206 1892 1340 1929 Inceptos
1364 1893 1467 1920 iterum
1491 1901 1564 1921 cras.
1598 1891 1638 1927 X,
1663 1892 1712 1921 90.

1206 1935 1337 1963 Incertos
1356 1945 1448 1963 casus.
1485 1935 1525 1970 X,
1550 1936 1621 1964 486.

1206 1978 1327 2016 Ingrato
1350 1979 1477 2007 cuculus.
1509 1977 1549 2013 X,
1572 1978 1643 2007 589.

1206 2021 1299 2049 Insita
1320 2026 1387 2049 suut
1409 2022 1523 2050 animis.
1554 2021 1595 2056 X,
1620 2020 1691 2049 580.

1206 2064 1333 2092 Intentet
1354 2065 1518 2105 Macedum.
1552 2064 1592 2099 X,
1618 2064 1688 2092 539.

1206 2107 1353 2144 Interpros
1377 2107 1462 2142 Iuris,
1482 2108 1572 2136 cuius.
1607 2106 1647 2141 X,
1670 2106 1741 2135 564.

1206 2150 1353 2179 Iohannes
1376 2151 1470 2188 patrii.
1499 2149 1540 2186 X,
1560 2150 1631 2179 616.

1207 2193 1275 2231 Ipse
1296 2193 1379 2222 Deus
1403 2198 1503 2221 metas.
1538 2192 1578 2227 X,
1604 2192 1674 2221 629.

1205 2236 1274 2274 Ipse
1298 2236 1380 2265 Deus
1402 2237 1528 2274 sapiens.
1562 2235 1647 2270 VIII,
1672 2235 1743 2264 940.
1773 2234 1829 2271 IX,
1854 2235 1901 2265 19.
1927 2235 1998 2268 721,
2020 2236 2090 2266 738.
2112 2237 2185 2268 983.

1206 2279 1274 2317 Ipse
1297 2289 1350 2317 ego
1374 2280 1511 2317 quicquid
1535 2288 1593 2308 ero.
1626 2277 1681 2313 IX,
1705 2278 1775 2307 589.
1799 2278 1869 2308 911.

1206 2323 1274 2360 Ipse
1296 2323 1379 2351 iubes
1397 2323 1434 2350 ad
1455 2327 1494 2350 te.
1527 2322 1568 2356 X,
1593 2322 1664 2351 559.

1205 2366 1273 2403 Ipse
1296 2365 1498 2403 Neptolemus.
1527 2364 1568 2400 X,
1593 2365 1664 2394 562.

1205 2408 1283 2436 Iram
1308 2408 1427 2437 Pelidae
1452 2413 1480 2436 et
1497 2408 1614 2436 Troiae.
1644 2407 1684 2441 X,
1708 2407 1789 2448 490..

1205 2451 1303 2479 Iratus
1325 2452 1362 2479 ad
1385 2461 1517 2488 poenam.
1550 2450 1592 2486 X,
1612 2451 1683 2479 591.

1205 2494 1302 2529 Irrita,
1326 2495 1410 2522 crede
1433 2494 1511 2522 mihi.
1542 2493 1582 2529 X,
1608 2494 1678 2523 545.

1205 2537 1338 2565 Isaciden
1363 2537 1460 2566 veluti.
1495 2536 1534 2571 X,
1559 2537 1631 2566 656.

1205 2579 1268 2608 Ista
1290 2580 1356 2618 piae
1380 2581 1492 2608 mentis.
1527 2578 1567 2614 X,
1593 2580 1662 2608 549.
