2299 2921
155 138 220 172 353

155 235 191 263 In
212 235 356 272 picturam
380 232 568 271 Witebergae
592 233 663 263 590.

155 278 347 316 Epigramma
367 277 399 305 in
421 276 584 305 Homerum
604 277 640 304 ad
662 275 811 304 literarum
833 276 1011 304 iuventutem
1035 275 1107 304 591.

157 321 268 349 Versus
290 320 321 347 in
343 320 475 348 oratione
497 318 628 357 Lycurgi
647 323 749 347 contra
765 317 938 347 Leocratem
958 318 1030 347 591.

156 363 267 391 Versus
288 362 438 400 Euripidis
465 362 496 390 in
519 361 650 400 Lycurgi
672 362 803 390 oratione
826 365 928 390 contra.
954 360 1137 390 Leocratem.

160 448 250 477 1546.
277 447 350 476 594.

155 489 203 518 De
226 490 377 518 Absalone
400 489 460 518 filio
482 489 608 518 Davidis
632 490 703 519 594.

156 533 346 571 Epitaphium
367 532 442 561 Rev.
467 533 521 560 viri
540 531 579 561 D.
599 532 740 561 Iohannis
763 531 862 567 Hessi,
891 530 921 562 S.
946 531 1051 561 Theol.
1077 531 1138 560 Do-

200 576 288 604 ctoris
311 580 338 604 et
360 575 599 604 Vratislaviensis
622 575 773 603 Ecclesiae
796 574 927 604 Pastoris
952 575 1023 604 595.

155 619 292 647 Precatio
315 619 387 648 595.

156 661 204 690 De
227 661 330 699 eclipsi
346 660 458 695 Lunae,
479 661 506 688 d.
531 660 582 690 28.
607 659 673 688 Oct.
702 660 792 689 1547.
817 660 888 690 596.

155 704 346 742 Epitaphium
368 703 535 732 Leonhardi
558 703 689 739 Maioris,
711 703 764 731 filii
779 701 902 740 Georgii
924 703 1044 731 Maioris
1063 703 1135 733 597.

154 747 211 777 Ph.
235 746 384 774 Melantho
405 746 497 781 1548,
520 755 546 774 a.
565 756 589 774 r.
613 756 639 774 a.
663 746 836 774 Pentecoste
860 747 952 776 3057.
978 747 1049 775 597.

155 787 286 825 Georgio
309 789 458 824 Fabricio,
482 788 600 817 Rectori
618 787 744 817 scholae
767 789 892 817 Misniae
915 789 987 818 598.

152 831 344 869 Epitaphium
369 832 502 869 coniugis
521 832 649 860 Mauritii
673 830 762 860 Goltz
787 833 858 862 598.

152 872 344 912 Epitaphium
369 874 499 903 Conradi
522 875 646 910 Masuri,
666 874 914 912 Norinbergensis
932 874 1135 903 Iurisconsulti

199 917 270 947 598.

153 960 344 997 Epitaphium
367 960 523 989 Benedicti
544 960 641 995 Pauli,
663 959 865 989 Iurisconsulti
889 960 959 989 599.

153 1000 281 1031 Carmen
304 1004 376 1033 599.

154 1044 209 1073 Ph.
235 1046 275 1073 M.
300 1046 371 1075 600.

154 1087 202 1116 De
225 1088 335 1126 eclipsi,
358 1097 435 1126 quae
457 1088 511 1116 fuit
534 1088 562 1116 d.
589 1088 637 1117 12.
662 1088 737 1125 Apr.
764 1088 854 1117 1549.
881 1087 952 1116 601.

154 1129 279 1158 Carmen
304 1131 358 1159 Ph.
381 1131 422 1160 M.
448 1132 518 1159 601.

152 1172 288 1201 Precatio
311 1183 348 1201 ex
370 1172 453 1201 Luca
476 1182 500 1202 ο.
527 1172 576 1202 24.
602 1173 672 1202 602.

153 1214 201 1243 De
223 1216 343 1253 parcliis
369 1216 534 1253 conspectis
558 1225 584 1244 a.
612 1216 702 1244 1551.
726 1216 753 1242 d.
779 1215 827 1244 21.
853 1215 954 1250 Mam,
986 1225 1061 1252 quae
1082 1216 1137 1244 fuit

176 1258 303 1287 »natalis
324 1258 418 1287 Ducis
440 1258 575 1286 Mauricii
601 1258 671 1287 602.

153 1300 289 1329 Precatio
312 1302 341 1329 in
363 1301 598 1338 peregrinatione
623 1301 694 1329 603.

154 1343 203 1371 Ex
226 1343 399 1372 Callimachi
422 1345 459 1372 ad
483 1344 651 1381 Apollinem
674 1343 783 1380 hymno
808 1344 878 1373 603.

154 1386 232 1414 Phil.
256 1387 324 1414 Mel.
349 1387 388 1415 M.
414 1386 544 1423 Georgio
564 1385 708 1414 Cracovio
732 1387 778 1414 die
798 1386 847 1415 25.
860 1386 931 1414 Maii
951 1387 1041 1416 1551.
1063 1387 1134 1417 603.

154 1429 267 1457 Versus
297 1430 398 1466 scripti
424 1439 512 1457 manu
536 1429 665 1466 Philippi
695 1430 725 1457 in
748 1430 853 1457 librum
874 1429 1038 1458 Bibliorum
1061 1429 1136 1458 Ger-

198 1472 387 1500 manicorum.
422 1473 471 1500 Ad
498 1473 582 1501 Mart.
605 1471 764 1500 Lutherum
788 1473 896 1507 filium,
924 1474 999 1510 patri
1024 1471 1137 1511 ὁμώνυ·

197 1525 254 1552 μοι’
279 1516 349 1543 604.

156 1557 266 1585 Versus
289 1567 326 1585 ex
350 1558 451 1585 Arabo
476 1558 545 1587 604.

155 1600 203 1628 Ad
228 1600 388 1628 Iohannem
407 1601 559 1628 Albertum
583 1599 695 1629 Ducem
715 1601 1006 1639 Megalopyrgensem
1032 1602 1103 1631 605.

155 1642 286 1671 Fortuna
308 1644 457 1672 hominum
481 1643 626 1672 instabilis
653 1644 724 1673 606.

156 1685 203 1714 De
226 1687 294 1714 navi
317 1686 435 1721 Christi,
460 1696 534 1723 quae
558 1692 602 1714 est
624 1687 759 1715 Ecclesia
783 1687 854 1716 606.

156 1728 292 1757 Psalmus
315 1728 446 1758 CXXII.
471 1730 541 1758 606.

156 1770 204 1799 De
226 1771 306 1799 Siclo
332 1772 403 1801 607.

156 1813 191 1841 In
216 1814 342 1851 effigiem
366 1814 486 1843 Ioannis
507 1814 665 1850 Friderici,
690 1815 782 1843 Ducis
804 1814 874 1844 Sax.
896 1816 988 1844 Elcct.
1013 1811 1138 1844 tenentis

198 1866 287 1884 manu
311 1857 462 1885 flosculum
486 1857 579 1885 violae
604 1858 674 1887 1308.

156 1898 203 1926 De
226 1899 318 1935 Sssoh,
341 1898 417 1927 Gen.
441 1900 490 1927 49.
517 1901 587 1928 609.

785 136 823 169 11.
847 135 1036 168 1ND1GES.
1083 135 1106 166 Ι.
1130 132 1270 167 INDEX
1293 131 1544 165 CARMINUM.

2109 141 2176 174 354

1191 229 1327 258 Edictum
1356 229 1474 258 nomine
1497 228 1632 258 Rectoris
1655 231 1849 268 Academiae,
1877 235 2060 272 propositum
2083 233 2173 266 Scho-

1233 271 1355 307 lasticis,
1377 275 1410 300 ut
1431 272 1603 300 manuscula
1625 281 1678 301 sua
1699 274 1737 301 ad
1759 284 1839 303 aram
1863 276 1988 306 offerant
2012 278 2082 308 617.

1189 313 1253 343 Ceu
1277 314 1369 343 multa
1390 315 1467 343 inter
1490 324 1522 343 se
1544 315 1644 343 dicunt
1665 315 1812 354 Theologi
1837 319 1908 349 618.

1188 357 1236 386 De
1257 358 1376 386 nomine
1403 358 1587 396 Margaridos
1614 359 1645 387 in
1673 360 1783 397 nuptiis
1811 359 1850 389 D.
1878 360 2002 393 Davidis
2032 363 2172 404 Chytraei

1188 443 1224 472 In
1246 443 1404 481 imaginem
1426 443 1560 472 Mauricii
1583 444 1676 473 Ducis
1698 443 1766 474 Sax.
1790 446 1884 479 Elect.
1907 448 1978 478 619.

1188 487 1380 524 Epitaphium
1403 486 1543 524 scriptum
1566 486 1697 525 Georgio
1719 487 1852 526 Principi
1875 491 2038 520 Anhaltino
2063 492 2134 523 620.

1188 529 1224 557 In
1244 530 1401 566 imaginem
1424 529 1565 559 Iohannis
1587 531 1695 568 Aepini
1720 531 1791 561 621.

1190 571 1349 601 Oraculum
1372 582 1409 602 ex
1432 571 1582 601 Pausania
1601 573 1638 602 de
1660 574 1776 603 filiabus
1799 573 1920 604 Scedasi
1944 577 2016 606 621.

1189 615 1236 643 Dc
1257 615 1404 643 illustriss.
1427 614 1564 653 Principe
1586 626 1621 644 ac
1643 616 1771 646 Domina
1789 617 1911 656 Sibylla,
1935 620 2060 658 coniuge
2079 620 2171 649 Ducis

1232 656 1463 729 sgssff'sslgann‘
1487 658 1629 688 Friderici
1650 660 1804 697 Electoris,
1826 666 1941 691 mortua
1962 663 1988 692 d.
2014 663 2062 693 21.
2085 663 2171 692 Febr.

1236 703 1248 729 1
1321 725 1327 730 .
1397 703 1422 730 1.

1235 785 1319 814 Duce
1337 785 1448 815 Saxon.
1467 787 1571 823 Elect.,
1591 792 1707 817 mortuo
1726 790 1754 819 d.
1777 791 1804 819 3.
1826 790 1923 819 Martii
1934 801 1961 820 a.
1978 793 2068 822 1554.
2096 792 2167 822 622.

1188 829 1377 867 Epitaphium
1400 831 1540 867 scriptum
1563 830 1601 860 D.
1626 831 1750 862 Hieron.
1774 831 1893 862 Schurff
1914 834 1984 864 623.

1188 871 1236 900 De
1258 876 1351 900 matre
1375 871 1542 909 Cananaea,
1565 874 1668 903 Matth.
1697 876 1743 904 15.
1770 875 1840 905 623.

1187 913 1236 942 Dc
1257 916 1392 952 vagiente
1415 916 1550 944 Ecclesia
1571 917 1641 947 624.

1158 728 1167 952 ¹
1190 743 1236 772 De
1264 743 1410 772 illustriss.
1438 743 1577 782 Principe
1605 754 1639 773 ac
1663 744 1792 776 Domino
1820 747 1859 775 D.
1882 747 1994 776 Ioanne
2019 748 2170 778 Friderico

1188 956 1235 985 De
1257 958 1341 986 Mose
1362 959 1541 995 percutiente
1561 964 1673 997 petram
1697 961 1769 991 624.

1187 999 1378 1038 Epitaphium
1400 1002 1539 1039 scriptum
1561 1004 1678 1041 coniugi
1701 1004 1844 1032 Friderici
1863 1005 2041 1042 Bernpeckii
2065 1005 2136 1035 626.

1189 1042 1224 1070 ln
1251 1044 1379 1072 tabulam
1402 1044 1553 1074 Ecclesiae
1575 1045 1634 1074 Dei
1656 1047 1709 1074 sub
1737 1047 1865 1085 imagine
1882 1047 2086 1085 Halcyonum,
2117 1049 2166 1077 de—

1232 1087 1370 1124 scriptam
1393 1085 1528 1116 Carmine
1551 1098 1569 1116 a
1587 1089 1714 1117 Martino
1736 1089 1894 1118 Socolovio
1919 1091 1990 1121 626.

1189 1128 1300 1157 Versus
1328 1138 1402 1166 quos
1431 1139 1484 1158 sua
1511 1141 1599 1159 manu
1628 1132 1780 1170 inscripsit
1801 1133 1869 1162 Mel.
1894 1134 2055 1172 exemplari
2076 1134 2168 1163 locor.

1232 1171 1361 1209 theolog.
1384 1171 1481 1210 (Lips.
1507 1174 1615 1210 1553.)
1640 1175 1710 1205 627.

1189 1214 1407 1252 Epithalamion
1435 1215 1537 1244 illustr.
1565 1215 1698 1255 Principi
1726 1217 1804 1246 Duci
1832 1217 1900 1247 Sax.
1932 1219 1975 1248 Io.
2004 1218 2165 1253 Friderieo.

1232 1263 1260 1285 et
1288 1258 1415 1295 inclytae
1438 1258 1568 1296 Principi
1597 1261 1746 1297 Agnetae,
1774 1261 1851 1289 filiae
1879 1262 1975 1290 Princ.
2005 1262 2168 1292 Hessorum

1230 1301 1371 1338 scriptum
1395 1301 1465 1330 627.

1186 1343 1322 1371 Precatio
1347 1343 1418 1372 628.

1187 1386 1234 1414 De
1256 1386 1380 1414 lectione
1403 1386 1590 1416 historiarum
1610 1388 1681 1419 629.

1187 1429 1235 1457 Ad
1268 1429 1380 1457 Iustum
1412 1429 1515 1458 Ionam
1556 1440 1654 1459 mense
1688 1431 1753 1461 Oct.
1786 1433 1875 1461 1555.
1919 1443 1983 1461 cum
2022 1434 2168 1462 rediturus

1231 1477 1307 1500 esset
1325 1472 1480 1509 Philippus
1503 1483 1539 1501 ex
1559 1474 1630 1502 urbe
1648 1474 1769 1510 Norica.
1789 1477 1960 1514 compositis
1981 1477 2017 1505 dc
2029 1476 2167 1506 Osiandri

1230 1515 1368 1552 dogmate
1391 1516 1519 1544 dissidiis
1539 1517 1609 1546 630.

1189 1601 1285 1629 Locus
1308 1601 1347 1629 Io.
1376 1603 1422 1636 17,
1447 1602 1497 1630 26.
1521 1603 1648 1631 carmine
1670 1604 1800 1632 redditus
1824 1602 1893 1634 631.

1188 1644 1222 1672 In
1261 1645 1501 1672 commentarium
1534 1645 1628 1683 Epist.
1664 1646 1749 1675 Pauli
1783 1648 1819 1675 ad
1853 1647 1938 1676 Rom.
1979 1658 1997 1676 a
2032 1648 2169 1687 Philippo

1232 1687 1372 1725 scriptum
1394 1688 1465 1717 (332.

1189 1729 1236 1758 De
1258 1730 1456 1767 appellatione
1479 1729 1560 1759 Siloh
1585 1732 1763 1768 epigramma
1789 1733 1862 1763 632.

1189 1773 1326 1801 Decanus
1350 1773 1474 1810 collegii
1496 1774 1697 1811 Philosophici
1720 1777 1750 1803 in
1774 1777 1866 1805 Acad.
1891 1776 2075 1814 Witteberg.,
2097 1778 2169 1805 Bar-

1232 1816 1400 1844 tholomeus
1423 1816 1530 1851 Lasan,
1551 1816 1688 1854 Cygncus
1713 1819 1783 1848 633.

1159 1572 1165 1778 Ι
1189 1557 1335 1595 Gigantes
1358 1558 1484 1586 clamore
1507 1560 1580 1587 asini
1604 1560 1746 1599 dissipati.
1771 1562 1841 1591 631.

1162 1881 1166 1897 ‚
1191 1859 1225 1886 In
1250 1859 1417 1887 concionem
1437 1859 1584 1896 Leporum
1607 1861 1642 1888 ad
1656 1861 1786 1896 Leones,
1810 1862 1891 1891 cuius
1916 1863 1947 1890 tit
1967 1863 2076 1891 mentio
2093 1863 2171 1901 apud

1162 1900 1166 1939 l
1236 1902 1423 1930 Aristotelem
1449 1904 1477 1931 3.
1500 1903 1657 1932 πολιτειῶν
1681 1904 1752 1934 635.

156 1942 283 1976 Versus,
317 1952 391 1979 ques
420 1942 560 1970 Melanth.
593 1943 710 1980 scripsit
739 1945 767 1971 in
796 1944 944 1981 exemplar
973 1945 1138 1973 dialectices
1162 1942 1166 1971 l
1192 1945 1381 1983 Epitaphium
1396 1945 1592 1981 Elisabethae,
1617 1947 1749 1984 coniugis
1762 1947 1785 1977 1.
1800 1948 1957 1984 Agricolae
1970 1948 2070 1977 Islcbii
2096 1948 2170 1977 635.

200 1985 321 2012 Antonii
347 1984 477 2013 Geuderi
501 1986 570 2013 609.

157 2027 232 2055 Phil.
256 2027 394 2055 Melanth.
417 2028 452 2055 de
476 2028 707 2056 consideratione
729 2029 847 2058 humani
870 2031 999 2067 corporis
1024 2030 1094 2059 610.

157 2069 204 2098 De
228 2071 308 2098 venis
330 2071 483 2098 metallicis
507 2071 577 2100 611.

157 2111 317 2141 Oraculum
358 2114 388 2141 in
416 2113 556 2141 Achaicis
585 2114 748 2142 Pausaniae
773 2115 808 2143 de
836 2116 949 2144 duobus
978 2116 1137 2155 Philippis,

200 2155 291 2184 altero
313 2156 400 2191 felici,
424 2156 515 2184 altero
537 2157 619 2193 regni
643 2166 776 2186 eversore
801 2159 871 2188 612.

158 2197 204 2225 De
224 2199 332 2236 oppido
356 2199 464 2236 Terga,
489 2208 563 2236 quae
585 2200 614 2227 iu
640 2200 746 2228 tabulis
771 2200 930 2229 Ptolemaei
954 2202 1137 2231 existimatur

202 2250 266 2269 esse
288 2241 410 2279 Argelia
433 2242 505 2271 612.

159 2283 194 2311 In
218 2284 356 2321 oppidum
377 2288 405 2312 et
427 2294 522 2312 arcem
546 2285 726 2322 Torgensem
751 2286 821 2315 614.

159 2325 282 2354 Limites
305 2326 482 2355 Germaniae
506 2328 577 2357 614.

160 2370 307 2405 Acnigma
329 2370 409 2398 Phil.
432 2370 574 2397 Melanth.
600 2371 671 2400 615.

161 2410 292 2448 Georgio
315 2412 452 2440 Fabricio
476 2413 546 2442 615.

159 2454 349 2491 Epitaphium
372 2455 510 2483 Iohannis
534 2455 659 2491 (Koch),
682 2456 807 2484 ministri
830 2456 868 2486 D.
893 2457 1023 2495 Philippi
1047 2457 1118 2486 616.

161 2496 196 2524 In
226 2501 348 2525 mortem
371 2498 488 2526 Erasini
517 2498 676 2526 Reinhaldi
698 2497 911 2535 Salveldensis,
942 2501 1140 2530 Mathematici

205 2543 232 2567 et
257 2540 436 2568 Professoris
459 2541 489 2568 in
510 2541 670 2569 Academia
692 2542 905 2580 Witebergensi
930 2543 1001 2574 616.

162 2580 298 2611 Precatio
323 2584 394 2612 617.

369 2637 516 2657 MELANTH.
530 2637 613 2658 OPER.
628 2638 690 2658 vot..
711 2639 814 2659 XXVIII.

1191 1989 1381 2025 Epigramma
1399 1989 1434 2015 de
1457 1989 1644 2024 Momm-chiis,
1669 1999 1704 2017 ex
1728 1990 1803 2020 Dan.
1831 1992 1858 2020 2.
1886 1992 1957 2019 635.

1191 2031 1237 2059 De
1262 2032 1417 2059 Encaeniis
1441 2031 1594 2060 celebratis
1617 2032 1841 2071 Hierosolymae
1867 2036 1939 2064 636.

1191 2074 1225 2101 In
1242 2074 1323 2102 locos
1343 2084 1511 2103 communes
1534 2080 1695 2112 postremae
1719 2077 1855 2105 editionis
1880 2078 1950 2106 637.

1190 2118 1352 2145 Petendum
1375 2122 1407 2145 ut
1429 2119 1520 2146 simus
1539 2128 1627 2146 unum
1650 2120 1679 2146 in
1700 2117 1827 2147 Christo.
1851 2120 1921 2148 637.

1191 2161 1239 2188 Ad
1273 2160 1427 2189 Rectorem
1466 2166 1494 2189 et
1528 2161 1713 2190 Professores
1741 2163 1918 2190 Academiae
1954 2162 2174 2200 Mai-burgensis

1238 2203 1309 2232 639.

1191 2246 1238 2274 De
1267 2246 1358 2274 natali
1380 2246 1426 2274 dic
1454 2245 1576 2274 Lutheri
1599 2248 1635 2275 ad
1658 2247 1796 2276 Iacobum
1820 2247 1970 2285 Rungium
1995 2248 2174 2276 Wormatiae

1235 2289 1306 2318 639.

1193 2330 1325 2368 Georgio
1348 2331 1491 2360 Cracovio
1515 2331 1603 2360 missa
1633 2333 1669 2360 ad
1693 2330 1843 2361 Christum
1866 2331 1938 2372 εὖχή
1968 2334 1997 2361 in
2022 2334 2116 2362 reditu
2137 2344 2174 2362 ex

1234 2374 1342 2411 colloq.
1368 2374 1578 2402 Wormatiensi
1603 2374 1674 2403 640.

1192 2417 1238 2445 De
1257 2417 1364 2445 tabulis
1388 2417 1593 2455 geographicis
1613 2418 1682 2445 640.

1191 2460 1382 2498 Epitaphium
1405 2459 1592 2494 Catharinae,
1616 2460 1748 2497 coniugis
1771 2461 1847 2490 Phil.
1872 2460 1939 2489 Mel.
1967 2461 2038 2490 641.

1192 2503 1380 2540 Epitaphium
1404 2503 1526 2531 Henrici
1555 2503 1591 2530 ab
1614 2502 1761 2532 Einsiedel
1790 2503 1959 2533 Consiliarii
1983 2504 2075 2533 Ducis
2104 2504 2174 2534 Sax.

1237 2546 1329 2575 Elect.
1355 2546 1425 2574 641.

1165 2588 1169 2615 Ι
1194 2588 1386 2626 Epigramma
1411 2589 1480 2617 642.

1946 2648 1972 2672 X
