2299 2921
138 132 183 163 27
788 129 974 163 PHILIPPI
995 129 1313 162 MELANTHONJS
1337 130 1498 164 OPERA.
2100 137 2144 170 28

141 228 226 257 Mart.
331 226 419 255 Liber
441 227 616 255 visitationis
639 236 657 254 a
675 226 856 264 typographo
874 226 1023 254 absolutus
1045 230 1097 254 est.

257 270 305 299 25.
329 270 456 298 Remissi
470 274 550 297 erant
572 270 693 298 studiosi
711 270 742 296 in
756 268 924 297 saxoniam.
963 268 1134 296 Melanthon
1151 268 1246 296 adhuc
1265 274 1460 297 commoratur
1473 269 1563 299 Ienae
1582 271 1618 299 ob
1638 272 1780 309 quaedam
1798 273 1916 310 negotia
1934 269 2143 304 ecclesiastica.

141 312 237 351 April.
279 313 305 341 6.
332 313 365 340 In
387 312 482 340 aulam
505 318 633 341 vocatur.
680 312 816 339 Absolvit
836 312 1064 348 disputationem
1086 311 1227 339 adversus
1252 311 1467 349 Anabaptistas.

261 357 308 384 10.
331 355 458 392 Lipsiae,
483 360 525 382 est
548 355 693 382 rediturus
718 355 914 391 Vitebergam.

331 398 464 426 Exeunte
488 399 559 434 Apr.
582 398 719 424 iudicium
743 397 778 423 de
798 396 998 433 Anabaptistis
1017 395 1123 424 Secero
1147 396 1321 433 bibliopolae
1344 397 1545 426 excudendum
1566 399 1662 427 mittit.

142 441 209 469 Mai.
260 442 307 469 15.
329 439 402 468 Cum
428 440 555 467 Luthero
578 444 606 467 et
630 440 762 467 Pontano
785 439 900 476 Torgae
924 444 967 467 est
987 440 1016 467 in
1040 439 1116 473 aula,
1140 443 1169 467 et
1191 439 1370 475 dehortatur,
1393 449 1430 468 ne
1453 441 1560 469 bellum
1583 442 1755 480 suscipiatur
1777 443 1916 472 adversus
1939 443 2118 474 catholicos.

259 485 305 512 18.
330 482 467 511 Graviter
490 482 620 509 hortatur
644 482 783 509 Ioannem
807 482 853 509 Pr.
878 481 982 517 Elect„
1005 486 1037 509 ut
1061 491 1161 519 pacem
1184 487 1308 509 tueatur.

142 525 204 554 Iun.
278 527 305 554 8.
331 526 432 553 Bembi
457 530 485 553 et
498 524 561 552 Pici
580 524 718 562 epistolas
738 525 825 552 mittit
837 524 1016 559 Camerario,
1038 525 1084 552 cui
1107 524 1214 558 scribit,
1238 533 1269 553 se
1291 534 1368 553 nunc
1391 525 1539 554 elaborare
1561 527 1591 554 in
1613 529 1851 563 recognoscenda
1862 528 1984 557 Lutheri
2006 530 2144 559 versione

364 569 485 602 hesaiae,
509 568 539 594 in
564 568 734 595 enarrandis
757 568 918 604 proverbiis
940 565 1106 596 Salomonis
1130 572 1157 595 et
1178 568 1209 594 in
1233 567 1351 595 scholiis
1374 569 1514 597 addendis
1537 569 1660 597 Ethicae
1683 571 1857 598 Aristotelis.

330 610 396 638 Hoc
417 619 516 638 mense
539 610 625 638 simul
644 620 707 638 cum
731 609 861 638 Luthero
885 610 1051 647 Principem
1074 610 1239 638 Electorem
1262 611 1378 638 assidue
1398 611 1539 646 hortatur,
1562 621 1597 640 ne
1622 613 1727 640 bellum
1751 618 1874 641 moveat.

141 654 194 682 Iul.
259 655 304 682 15.
328 653 446 681 Prolixe
470 653 569 681 scribit
591 652 760 680 Camerario
783 654 819 680 de
842 653 1040 681 moliminibus
1063 653 1244 690 Principum,
1267 654 1449 690 potissimum
1472 654 1659 691 Landgravii,
1678 655 1784 683 bellum
1808 657 2011 684 minitantium.

141 695 219 734 Sept.
255 697 302 725 13.
327 696 422 724 Faber
441 704 479 723 ex
493 695 636 723 Bohemia
658 696 694 723 ad
709 696 927 724 Melanthonem
944 696 1061 734 scripsit
1077 705 1202 733 eumque
1219 695 1352 724 hortatus
1370 701 1422 731 est,
1445 702 1477 725 ut
1498 707 1516 725 a
1532 707 1621 726 causa
1639 707 1740 736 evang.
1763 699 1888 735 deficiat,
1912 700 2054 737 simulque
2076 709 2143 738 pro-

362 739 441 766 misit
463 739 600 776 praemia.

256 781 303 810 27.
328 782 503 809 Valetudine
522 781 627 809 misera
648 782 746 808 utitur.

142 824 208 855 Oct.
262 826 308 853 13.
331 823 425 853 Sentit
448 824 524 851 vires
547 824 677 861 corporis
701 824 830 861 quotidie
853 824 984 852 deficere.
1031 822 1139 852 Scribit
1160 823 1280 851 annales
1304 823 1340 852 de
1362 823 1449 852 rebus
1470 824 1526 852 hoc
1549 833 1625 853 anno
1648 826 1748 863 gestis.

260 868 307 896 15.
330 867 528 895 Proficiscitur
549 867 580 894 in
601 866 794 904 Thuringiam
819 876 855 894 ex
878 867 1015 894 mandato
1045 867 1188 903 Principis
1212 867 1372 901 Electoris,
1407 872 1437 894 ut
1460 867 1610 895 Ecclesias
1637 869 1679 896 ibi
1705 869 1849 906 inspiciat.
1903 867 2005 898 Socios
2034 869 2143 899 laboris

364 910 450 937 habet
472 910 611 937 Ioannem
632 919 650 937 a
672 910 803 944 Planitz,
834 909 957 938 Hieron.
979 907 1110 944 Schurff,
1135 910 1289 938 Erasmum
1312 910 1348 937 ab
1371 909 1545 947 Haugwitz,
1573 909 1753 940 Fridericum
1776 912 1945 949 Myconium
1973 916 2002 940 et
2029 912 2142 941 Iustum

364 953 501 981 Meuium.

330 995 397 1024 Hoc
418 1005 516 1024 mense
538 994 659 1023 Lutheri
681 995 764 1032 epist.
788 996 825 1024 ad
848 994 1051 1023 Wenceslaum
1074 994 1231 1023 Linckium
1254 995 1289 1023 de
1312 993 1442 1032 Georgio
1466 994 1548 1023 Duce
1569 994 1716 1024 Saxoniae
1739 996 1834 1025 aulam
1857 997 1942 1025 valde
1964 1002 2070 1027 movet.

139 1038 219 1068 Nov.
276 1038 302 1067 2.
327 1037 434 1067 Scribit
456 1038 561 1067 Ioanni
579 1038 711 1066 ministro
735 1039 771 1066 de
793 1038 956 1066 differenda
979 1038 1106 1066 editione
1129 1038 1304 1066 dialectices.

140 1081 213 1110 Dec.
333 1082 471 1119 Myconio
495 1091 576 1109 suam
598 1081 698 1110 scribit
720 1082 892 1110 sententiam
916 1082 951 1109 de
974 1080 1095 1109 Lutheri
1117 1081 1240 1118 epistola
1263 1081 1401 1108 adversus
1425 1079 1585 1118 Georgium
1609 1081 1720 1110 Ducem
1744 1081 1813 1111 Sax.

330 1125 472 1153 Versatur
495 1124 551 1153 hoc
573 1133 671 1152 mense
692 1124 723 1152 in
748 1125 900 1152 visitandis
924 1123 1064 1152 Ecclesiis
1086 1124 1116 1151 in
1139 1123 1310 1161 Thuringia‚
1333 1124 1466 1161 inprimis
1489 1123 1606 1152 Gothae
1630 1130 1657 1152 et
1680 1124 1804 1154 Isenaci.

979 1248 1011 1280 A
1023 1249 1053 1280 N
1064 1249 1094 1281 N
1106 1249 1136 1280 Ο
1175 1249 1192 1280 l
1205 1249 1226 1281 5
1238 1250 1258 1280 2
1270 1249 1301 1281 9.

139 1337 201 1367 Ian.
216 1339 307 1367 1—5.
327 1337 495 1375 Occupatus
515 1342 558 1365 est
580 1338 610 1365 in
633 1337 785 1365 visitandis
807 1336 959 1365 Ecclesiis.

275 1381 304 1409 6.
327 1381 386 1409 Per
408 1380 572 1408 Erfordiam
590 1381 665 1408 redit
689 1379 869 1408 Wimariam.

276 1424 303 1453 9.
327 1424 444 1461 Accipit
464 1422 584 1451 Lutheri
606 1423 749 1451 libellum:
794 1430 846 1452 non
869 1421 1021 1458 beimtidaen
1042 1421 1192 1459 gestoblnen
1212 1422 1336 1457 OEriefen.

328 1466 396 1495 Hoc
417 1466 476 1493 fere
498 1472 628 1503 tempore
650 1466 810 1503 respondet
832 1465 869 1493 ad
892 1466 1107 1502 quaestionem:
1132 1474 1170 1493 an
1192 1464 1280 1493 liceat
1301 1463 1478 1493 Christianis
1500 1463 1623 1501 litigare.

256 1509 305 1538 24.
329 1509 516 1546 Vitebergam
538 1509 642 1536 iterum
664 1509 865 1546 proficiscitur.

258 1553 297 1581 30

329 1551 483 1590 spalatino
504 1560 587 1580 suam
609 1552 680 1580 dicit
702 1552 875 1579 sententiam
898 1551 933 1579 de
956 1551 1140 1579 eucharistia.

141 1595 260 1624 Feb.14
268 1573 311 1633 sq.
330 1595 499 1632 Philippum
522 1595 736 1622 Eberbachium
757 1592 975 1631 Coburgensem
999 1595 1126 1631 graviter
1149 1593 1290 1621 hortatur.

256 1638 306 1667 20.
330 1638 502 1666 Wimariam
525 1638 602 1665 venit
623 1638 804 1675 profecturus
828 1647 893 1666 cum
916 1637 1054 1674 Principe
1074 1636 1210 1665 Electore
1232 1634 1349 1674 Spiram
1371 1634 1409 1663 ad
1431 1634 1558 1663 comitia.

140 1681 226 1711 Mart.
257 1682 306 1710 13.
329 1680 445 1718 Spiram
464 1681 551 1709 venit.

258 1724 305 1753 15.
329 1724 526 1761 Exponuntur
547 1724 579 1751 in
599 1722 733 1752 comitiis
755 1722 892 1752 Caesaris
915 1722 1060 1750 mandata.

332 1766 470 1802 Queritur
493 1766 672 1800 Melanthon‚
696 1766 828 1793 homines
850 1766 951 1794 doctos
975 1765 1044 1793 viris
1066 1764 1193 1803 politicis
1217 1768 1245 1792 et
1266 1762 1445 1801 principibus
1468 1760 1570 1799 Spirae
1593 1761 1743 1799 despectui
1767 1766 1795 1790 et
1817 1761 1927 1790 derisui
1950 1770 2023 1790 esse.

259 1809 307 1838 24.
332 1809 377 1837 De
400 1818 491 1837 coena
513 1817 595 1836 sacra
615 1809 652 1836 ad
674 1807 877 1845 Coburgenses
900 1808 1006 1836 scribit.

258 1853 307 1881 30.
331 1851 431 1879 Ioach.
453 1850 639 1880 Camerarius
662 1851 741 1878 venit
762 1849 884 1888 Spiram.

333 1893 485 1922 Praefatur
505 1894 535 1921 in
559 1893 789 1930 Dispositionem
812 1892 961 1921 Orationis
983 1893 1014 1920 in
1037 1902 1081 1929 ep.
1106 1891 1192 1920 Pauli
1213 1891 1250 1919 ad
1273 1891 1432 1919 Romanos.

145 1937 238 1977 April.
280 1938 308 1966 8.
333 1936 559 1973 Oecolampadio
580 1937 679 1964 scribit
701 1937 737 1964 de
760 1945 844 1964 sacra
865 1944 958 1964 coena
980 1935 1143 1972 epistolam,
1166 1934 1324 1972 separatim
1345 1934 1461 1963 editam.

334 1979 486 2008 Praefatur
505 1979 536 2007 in
559 1979 692 2007 Danielis
716 1979 853 2006 vaticinia
873 1979 910 2006 ad
934 1978 1046 2014 Regem
1068 1977 1295 2005 Ferdiuandum.

144 2024 214 2053 Mai.
283 2024 311 2051 4.
335 2022 481 2050 Lutherus
502 2022 615 2050 scribit:
651 2026 858 2058 „expectamus
880 2021 1010 2058 quotidie
1032 2020 1278 2048 Melanthonem.“
1324 2019 1488 2047 Advenisse
1517 2018 1630 2046 videtur
1652 2017 1680 2048 d.
1705 2018 1733 2046 5.
1754 2018 1841 2053 Maii3
1875 2023 1953 2046 certe
1974 2017 2002 2046 d.
2027 2018 2053 2046 7.
2074 2017 2146 2046 Maii

366 2066 472 2094 iterum
494 2064 549 2093 fuit
570 2065 754 2101 Vitebergae.

264 2109 311 2137 14.
334 2108 381 2136 De
404 2107 551 2145 colloquio
574 2116 639 2135 cum
661 2106 806 2144 Zwinglio
828 2106 963 2134 habendo
986 2105 1085 2134 scribit
1107 2105 1143 2133 ad
1164 2104 1304 2133 Ioannem
1327 2104 1508 2133 Fridericum
1529 2102 1677 2132 Saxoniae
1700 2103 1822 2132 Ducem.

265 2153 312 2180 17.
335 2149 513 2184 camerario,
536 2148 708 2187 Spenglem,
732 2150 961 2186 Baumgartnero
983 2153 1082 2176 narrat
1104 2148 1254 2176 historiam
1274 2148 1470 2182 comitiorum,
1495 2157 1618 2184 quorum
1643 2151 1748 2174 eventu
1771 2145 1856 2173 valde
1887 2149 1930 2173 est
1951 2144 2145 2182 perturbatus.

262 2194 309 2223 23.
333 2193 529 2231 Recognoscit
548 2192 670 2220 Lutheri
693 2193 854 2220 versionem
877 2201 966 2229 germ.
989 2191 1055 2218 libri
1077 2189 1246 2227 Sapientiae
1266 2191 1337 2228 (vid.
1362 2190 1449 2219 Luth.
1473 2191 1564 2227 epp.).

261 2237 309 2266 28.
335 2237 460 2264 Enarrat
481 2236 633 2273 epistolam
653 2235 689 2263 ad
708 2235 857 2263 Romanos
880 2234 951 2265 (vid.
971 2233 1058 2261 Luth.
1081 2235 1168 2270 epp).

147 2279 212 2310 Iun.
262 2281 308 2309 10.
331 2279 449 2307 Novum
473 2283 677 2307 testamentum
697 2279 893 2315 germanicum
916 2277 1099 2313 recognoscit
1121 2285 1185 2304 cum
1204 2275 1343 2305 Luthero.
1388 2276 1533 2304 Emendat
1555 2284 1638 2303 suam
1668 2273 1849 2302 dialecticen.
1893 2271 2002 2302 Scribit
2024 2273 2148 2311 paginas

370 2323 405 2350 de
429 2322 572 2349 mensuris
593 2326 620 2349 et
642 2321 678 2348 de
698 2329 731 2348 re
753 2320 885 2348 numaria
906 2324 1044 2353 veterum,
1068 2324 1172 2356 postea
1195 2320 1297 2347 editas.

264 2367 311 2394 11.
336 2365 425 2394 Ionae
444 2369 552 2399 narrat,
574 2368 681 2400 quanto
704 2364 911 2400 impedimento
934 2363 1106 2390 concordiae
1129 2362 1234 2390 flierint
1257 2361 1434 2398 Zwingliani
1456 2361 1487 2389 in
1510 2360 1635 2389 comitiis
1658 2358 1854 2397 Spirensibus.

267 2409 312 2436 14.
337 2407 483 2436 Lutherus
506 2407 619 2435 scribit:
667 2406 839 2444 „Philippus
862 2414 926 2434 sese
948 2410 1074 2433 macerat
1093 2414 1163 2432 cura
1185 2405 1227 2433 rei
1250 2404 1465 2433 ecclesiasticae
1494 2408 1522 2431 et
1544 2402 1721 2441 reipublicae
1742 2410 1835 2439 usque
1856 2402 1893 2430 ad
1916 2400 2075 2439 periculum
2099 2409 2149 2429 va-

370 2450 537 2479 letudinis.“

265 2492 314 2521 20.
338 2491 436 2530 Optat,
460 2497 491 2520 ut
513 2492 678 2520 coniunctio
700 2501 765 2519 cum
785 2490 976 2528 Zwinglianis
999 2490 1188 2527 impediatur,
1212 2494 1240 2518 et
1262 2490 1335 2518 mori
1358 2489 1484 2525 mavult,
1514 2497 1602 2526 quam
1623 2487 1807 2516 Lutheranos
1830 2487 1967 2516 societate
1989 2485 2150 2524 Zwinglia-

371 2544 427 2562 nae
447 2543 551 2563 causae
573 2535 771 2563 contaminari.

265 2577 313 2606 21.
335 2577 479 2605 Invitatur
501 2579 538 2606 ad
559 2577 735 2614 colloquium
755 2576 974 2614 Marburgense.
