2299 2921
185 107 247 140 121
965 107 988 138 Ι.
1032 105 1241 138 ANNALES
1266 104 1412 136 VlTAE.
2133 107 2197 138 122

185 205 263 241 Aug.
303 203 352 232 10.
376 202 478 240 Regfis
500 201 604 230 litteris
625 201 793 229 Melanthon
817 202 921 230 iterum
943 207 1062 230 vocatur
1083 202 1115 230 in
1137 201 1286 239 Angliam.

304 246 352 274 13.
375 245 527 273 Palatinus
549 244 667 272 Elector
688 244 906 272 Melanthonem
929 249 1015 273 vocat
1033 245 1063 273 in
1086 245 1218 282 patriam.

304 289 351 317 17.
373 288 482 316 Terrae
505 292 601 315 motus
621 286 754 315 Misniae.

301 331 352 359 20.
375 330 544 360 Conventus
573 333 615 357 est
637 328 770 366 Lipsiae,
797 329 845 357 ubi
871 330 950 366 regis
973 329 1079 358 Danici
1108 334 1135 358 et
1163 329 1286 359 aliorum
1315 329 1483 367 principum
1512 328 1600 367 legati
1630 329 1666 357 de
1689 338 1761 366 pace
1789 337 1854 357 cum
1877 327 2000 356 Alberto
2028 328 2198 358 Marchione

411 373 531 409 eiusque
551 371 639 400 sociis
660 371 796 399 facienda
820 376 920 408 agunt.

186 414 267 453 Sept.
326 417 352 444 1.
374 415 527 443 Praefatur
549 415 579 442 in
601 414 706 442 librum
729 413 847 442 Nicolai
866 415 998 452 Asclepii
1021 414 1150 443 Barbati.

302 459 350 487 11.
373 458 545 486 Melanthon
567 458 604 485 ad
616 455 776 494 Georgium
791 457 995 484 Anhaltinum:
1021 457 1156 494 „Institui
1178 458 1405 495 propositiones,
1429 467 1503 494 quae
1522 457 1752 495 complectentur
1776 466 1917 485 summam
1937 457 2084 486 doctrinae
2095 456 2198 486 Eccle-

409 501 469 529 siae
490 499 557 535 Dei,
576 500 605 528 in
630 499 733 536 quibus
757 504 785 527 et
804 498 940 527 Osiandri
963 509 1087 528 errorem
1110 500 1272 528 refutabo.“

300 543 349 572 28.
372 543 501 580 Torgam
525 542 706 571 Melanthoni
729 542 972 580 proficiscendum
992 548 1043 571 est.

376 586 530 614 Praefatur
550 586 581 613 in
603 584 725 613 Krausii
748 585 852 613 librum
873 585 1100 622 genealogicum.

189 627 253 657 Oct.
328 632 354 659 1.
377 629 481 663 Maria,
502 628 619 665 Regina
641 628 777 664 Angliae,
801 628 989 665 inauguratur
1007 637 1105 665 regno.

327 673 355 700 9.
378 672 529 700 Adversus
552 669 872 699 Schwenckfeldii
901 670 1003 699 deliria
1031 671 1156 699 scribere
1185 671 1296 707 incipit.
1341 670 1488 708 Scriptum
1506 670 1645 698 adversus
1676 668 1908 705 Stancarum,
1939 674 2025 697 antea
2052 678 2070 698 a
2099 669 2198 698 multis

410 714 597 750 descriptum,
619 712 737 750 Lipsiae
760 713 837 750 typis
861 714 1041 742 exscribitur.

301 757 349 785 17.
375 755 558 793 Georgius
582 756 762 793 Princeps
784 756 1011 784 Anhaltinus
1033 756 1163 784 moritur.
1209 755 1380 783 Melanthon
1403 755 1598 793 proficiscitur
1619 756 1655 783 ad
1678 756 1740 784 eius
1758 756 1876 784 fratrem
1900 755 2089 784 Ioachimum.

376 799 506 827 Advenit
527 796 662 832 Sabinus,
681 807 771 835 gener
791 799 998 833 Melanthonis,
1022 808 1087 826 cum
1112 798 1225 826 duabus
1247 798 1322 826 filiis.

301 842 351 870 30.
374 842 498 870 Moritur
520 841 644 869 Iacobus
662 840 807 870 Sturmius
831 841 1027 878 Argentorati.

302 885 351 914 31.
373 885 463 912 Mittit
485 883 617 921 pagellas
638 884 674 911 de
698 884 866 912 Mediatore.

376 925 435 955 Sub
458 927 546 954 finem
569 926 705 954 Octobris
727 931 872 963 sumptum
891 930 935 954 est
957 925 1132 963 supplicium
1156 925 1192 952 de
1215 923 1336 953 Serveto
1359 924 1506 953 Genevae.

186 967 264 998 Nov.
289 970 317 998 5.
341 969 387 998 vel
412 970 439 999 6.
465 969 597 1006 Lipsiam
620 969 813 1006 proficiscitur
836 969 872 996 ad
891 967 1086 1004 explorandos
1110 968 1264 1002 studiosos,
1288 967 1337 1004 qui
1358 967 1477 1004 publica
1499 967 1671 996 liberalitate
1694 968 1818 997 aluntur.

303 1013 351 1041 10.
375 1011 529 1048 Schnepfio
553 1011 666 1039 scribit:
696 1011 832 1047 „Elector
855 1011 986 1038 Marchio
1011 1010 1087 1044 vult,
1117 1019 1171 1037 nec
1194 1010 1417 1046 approbatorem
1441 1019 1506 1039 esse
1528 1010 1691 1039 Islebianae
1714 1011 1933 1049 propositionis,
1963 1011 2040 1048 quod
2063 1008 2198 1039 Christus

410 1059 541 1082 mortuus
565 1054 602 1082 sit
630 1054 788 1081 secundum
815 1054 942 1081 divinam
972 1058 999 1080 et
1027 1053 1184 1080 humanam
1213 1055 1375 1080 naturam.“
1401 1068 1442 1072 —
1473 1053 1553 1089 „lam
1577 1051 1736 1082 Stancarus
1764 1055 1794 1082 in
1818 1054 1957 1088 Polou-ia,
1985 1051 2145 1091 Staphylus
2166 1053 2197 1081 in

408 1095 524 1131 Silesia,
547 1096 689 1133 Margitae
711 1096 877 1133 (Agricola)
901 1096 930 1123 in
953 1095 1008 1123 hac
1031 1096 1147 1130 vicinia,
1171 1095 1317 1123 Funccius
1340 1095 1370 1122 in
1393 1095 1514 1123 Prussia
1539 1105 1593 1124 nos
1615 1096 1758 1124 allati-ant„
1804 1097 1952 1124 Placidius
1975 1100 2004 1124 et
2026 1105 2063 1124 ex
2086 1096 2132 1125 his
2153 1105 2198 1124 re-

406 1139 542 1176 gionibus
567 1144 595 1166 et
614 1147 651 1166 ex
670 1139 725 1166 hac
747 1139 805 1166 vita
827 1139 983 1173 discedam,
1006 1143 1037 1166 ut
1059 1138 1134 1166 hanc
1156 1138 1338 1174 ingeniorum
1362 1138 1472 1166 rabiem
1496 1138 1662 1175 effugiam.“

373 1182 464 1211 Mittit
485 1191 601 1209 carmen
622 1182 651 1209 in
675 1182 791 1218 nuptias
814 1181 959 1219 Chytraei¹

301 1224 349 1253 24.
368 1225 484 1252 Allatas
508 1230 550 1252 est
574 1224 759 1261 Vitebergam
781 1224 855 1252 liber
878 1224 913 1252 de
936 1224 1075 1258 trinitate,
1098 1232 1244 1251 renovans
1258 1221 1440 1252 samosateni
1463 1233 1576 1252 errores
1600 1222 1771 1260 (Sem-etim,
1794 1234 1878 1261 quem
1896 1224 2065 1252 Melanthon
2084 1222 2199 1253 acam-

408 1277 484 1304 pano
508 1267 645 1304 scriptum
665 1272 756 1303 putat.

371 1309 539 1347 Occupatus
564 1315 607 1336 est
630 1310 781 1337 scribendo
801 1309 940 1336 adversus
962 1308 1258 1336 Schwenckfeldium.

299 1352 347 1381 25.
371 1351 499 1380 Uberius
522 1352 642 1389 exponit
665 1352 733 1389 quid
757 1356 864 1380 statuat
882 1352 917 1379 de
939 1351 1041 1384 forma,
1066 1361 1123 1387 qua
1146 1360 1238 1378 coena
1260 1359 1344 1379 sacra
1367 1351 1403 1379 sit
1416 1351 1601 1387 celebranda,
1620 1357 1777 1389 narratque
1797 1352 2015 1390 abrogationem
2029 1351 2198 1381 elevationis

406 1405 424 1422 a
442 1394 572 1422 Luthero
593 1394 707 1424 factam.
755 1393 813 1425 «Cf.
838 1404 881 1430 ep.
904 1395 931 1421 d.
958 1394 1007 1422 31.
1031 1393 1093 1421 Ian.
1121 1395 1225 1429 1554.)

373 1437 519 1466 Dresdam
544 1442 663 1465 vocatur
686 1442 802 1474 propter
822 1437 1000 1464 Academiae
1024 1437 1143 1464 reditus.

184 1479 256 1508 Dec.
282 1481 309 1508 4.
335 1480 505 1508 Melanthon
531 1490 595 1507 cum
620 1479 773 1514 Gresscro,
796 1479 917 1507 Pastore
939 1479 1066 1514 Dresd.,
1090 1479 1221 1507 Dresdae
1241 1479 1322 1506 audit
1345 1479 1503 1507 Martinam
1528 1478 1682 1514 Wolfium,
1701 1480 1851 1508 Pastorem
1875 1479 2117 1515 Colditziensem,
2146 1481 2196 1517 qui

406 1533 460 1560 pro
484 1523 640 1557 concione,
664 1528 818 1559 praesente
842 1524 977 1559 Augusto
1000 1522 1150 1556 Electra-e,
1181 1522 1308 1556 dixerat,
1341 1521 1480 1550 Ioannem
1502 1521 1683 1550 Fridericum
1708 1528 1734 1550 et
1761 1523 1861 1551 urbem
1884 1523 2073 1560 Magdeburg.
2098 1522 2196 1551 Evan-

405 1565 474 1602 gelii
500 1574 587 1592 causa
609 1575 626 1593 a
649 1565 776 1593 Caesare
800 1570 827 1592 et
850 1565 987 1592 Mauritio
1010 1565 1144 1592 Electore
1167 1564 1244 1592 bello
1264 1570 1386 1592 vexatos
1409 1574 1481 1594 esse.
1528 1564 1624 1601 Quum
1649 1565 1772 1594 Wolfius
1796 1576 1814 1593 a
1837 1566 2025 1594 Melanthonc
2054 1570 2082 1593 et
2105 1563 2197 1594 Gres-

408 1617 472 1636 sero
502 1618 520 1635 a
547 1617 601 1636 sua
629 1608 772 1635 sententia
798 1617 830 1635 se
853 1608 944 1635 averti
974 1617 1031 1636 non
1055 1616 1159 1644 passus
1188 1607 1239 1642 sit,
1267 1608 1296 1634 in
1325 1617 1469 1636 carcerem
1494 1609 1643 1637 coniectus
1674 1613 1701 1636 et
1724 1609 1750 1636 d.
1778 1610 1824 1638 13.
1850 1608 1911 1637 Ian.
1937 1609 2025 1636 1554.
2052 1617 2089 1636 ex
2112 1608 2196 1637 terris

408 1651 552 1679 Electoris
576 1650 716 1688 expulsus
739 1656 792 1679 cst.
838 1650 946 1678 Postea
970 1651 1077 1678 electus
1101 1656 1143 1678 est
1162 1649 1267 1678 Pastor
1290 1651 1320 1678 in
1343 1651 1452 1688 oppido
1476 1650 1575 1678 Kahla
1597 1651 1627 1678 in
1648 1651 1819 1688 Thuringia.
1853 1651 1959 1679 Totam
1982 1661 2043 1679 rein
2066 1652 2195 1679 narravit

408 1692 535 1730 Saligius
563 1694 591 1720 in
615 1694 681 1722 hist.
713 1694 834 1730 August.
859 1693 994 1722 Confess.
1018 1693 1052 1721 T.
1076 1692 1130 1720 In.
1158 1703 1186 1730 p.
1212 1693 1271 1720 ²222
1297 1702 1340 1729 sq.
1373 1702 1410 1721 ex
1440 1694 1638 1731 manuscripto
1662 1694 1691 1721 in
1721 1694 1897 1722 bibliotheca
1925 1693 2194 1732 Guelpherbytana.

407 1735 560 1764 Habentur
592 1737 622 1764 in
647 1736 710 1765 cod.
737 1735 826 1764 Goth.
864 1737 912 1764 94.
942 1738 1017 1763 Acta
1045 1736 1145 1764 Wolfii
1181 1745 1245 1764 cum
1274 1734 1376 1772 Saligii
1409 1737 1574 1765 narratione
1603 1737 1708 1773 ubique
1736 1738 1950 1772 convenientia,
1986 1743 2012 1765 et
2041 1737 2195 1774 inscripta:

412 1779 551 1815 „historia
577 1779 698 1808 ffllurtiui
723 1779 834 1813 Qvlffif
860 1780 909 1807 mic
936 1787 961 1807 er
986 1786 1038 1807 nou
1065 1788 1155 1815 tregru
1182 1779 1252 1807 einer
1272 1778 1401 1816 OEtebigt,
1428 1780 1468 1808 bie
1495 1788 1521 1808 cr
1547 1780 1590 1815 fs1t
1615 1782 1673 1808 bem
1693 1779 1872 1815 (ξβιιτῗῡτβεη
1900 1789 1931 1819 5¹¹
1950 1780 2068 1815 &nebien
2089 1779 2194 1818 &bergog

410 1822 532 1858 'augusto
553 1831 583 1859 gu
603 1821 704 1858 OEolbiss
725 1824 831 1858 gethan,
857 1822 885 1856 ist
911 1822 1039 1857 retfotgtl
1066 1828 1120 1851 uno
1141 1824 1185 1850 Pess
1205 1823 1311 1851 Eanbess
1331 1823 1462 1857 nerineifet
1481 1824 1618 1852 morben.“
1654 1821 1728 1850 Sunt
1752 1824 1790 1851 53
1823 1822 1898 1850 folia.
1935 1823 2074 1851 Narratio
2097 1826 2194 1850 autem

409 1874 426 1890 a
447 1863 554 1891 Wolfio
584 1863 648 1901 ipso
680 1869 723 1892 est
750 1865 875 1902 scripta,
904 1874 993 1901 quare
1023 1865 1140 1892 minimt¹
1169 1864 1226 1892 fide
1249 1865 1338 1901 digna
1361 1870 1442 1899 sunt,
1473 1875 1546 1902 quae
1573 1865 1608 1893 de
1631 1865 1776 1901 colloquio
1800 1875 1863 1893 cum
1887 1865 2071 1894 Melanthone
2094 1865 2195 1893 habito

408 1906 494 1941 dixit,
519 1907 600 1934 cuius
625 1906 762 1943 colloquii
785 1912 987 1944 argumentum
1010 1907 1080 1934 satis
1103 1907 1237 1943 exposuit
1260 1905 1387 1943 Saligius
1410 1908 1427 1935 l.
1453 1917 1477 1936 c.

303 1949 351 1976 14.
374 1947 503 1976 Procli
527 1949 797 1986 interpretationem
819 1950 1031 1987 Quadripartiti
1055 1950 1216 1978 Ptolemaei
1241 1950 1410 1979 Melanthon
1434 1951 1622 1985 nanciscitur,
1647 1960 1732 1987 quani
1758 1951 1886 1979 editurus
1909 1955 1961 1979 est.

1025 2074 1180 2106 ANNO
1222 2075 1348 2107 1554.

185 2159 246 2188 Ian.
326 2161 350 2188 1.
374 2159 527 2187 Praefatur
550 2160 579 2187 in
602 2159 686 2188 Tom.
712 2159 762 2188 VI.
786 2169 904 2197 operum
928 2160 1050 2189 Lutheri
1073 2162 1305 2198 germanicorum
1329 2163 1365 2190 ad
1390 2162 1569 2191 Ioachimum
1590 2163 1755 2201 Principem
1781 2162 1981 2190 Anhaltinum.

299 2201 348 2231 25.
373 2203 461 2230 Mittit
485 2212 599 2231 carmen
625 2203 659 2230 de
684 2201 814 2240 Georgio
836 2202 885 2232 Pr.
911 2204 1079 2232 Anhaltino.

302 2245 351 2274 31.
374 2243 554 2273 Concionem
568 2246 716 2273 Matthesii
739 2246 868 2274 editurus
891 2250 944 2281 est,
967 2248 1013 2274 cui
1036 2246 1096 2274 vult
1116 2247 1247 2275 intexere
1271 2248 1433 2276 doctrinam
1456 2249 1491 2276 de
1514 2248 1762 2277 consolationibus
1791 2254 1817 2275 et
1831 2248 1995 2276 discrimine
2012 2247 2193 2286 philosophi-

407 2297 503 2316 carum
527 2286 756 2317 consolationu‘m
782 2293 810 2316 et
832 2289 1084 2326 Evangelicarum.

186 2329 272 2358 Febr.
306 2331 352 2358 13.
375 2330 464 2358 Mittit
486 2332 645 2360 orationem
671 2331 706 2359 de
729 2329 858 2367 Georgio
882 2331 929 2360 Pr.
952 2331 1122 2360 Anhaltino.

303 2373 349 2401 16.
371 2372 579 2402 Wimaricnses
607 2374 757 2402 ediderunt
789 2374 927 2411 scriptum
961 2379 1062 2402 contra
1094 2374 1307 2412 praedictiones
1338 2376 1562 2411 astronomicas,
1599 2375 1646 2403 ubi
1678 2375 1849 2403 Melanthon
1886 2384 2000 2412 quoque
2029 2376 2190 2413 sugillatur.

409 2415 488 2452 (Vid.
514 2426 558 2453 ep.
582 2417 611 2445 d.
638 2417 685 2444 22.
710 2416 812 2453 Febr.)

304 2458 351 2486 18.
376 2455 449 2486 Cum
473 2456 617 2487 Cracovio
640 2459 809 2487 Melanthon
832 2460 1024 2496 proficiscitur
1046 2459 1192 2497 Lipsiam,
1223 2466 1253 2488 ut
1280 2461 1420 2489 deliberet
1448 2471 1511 2489 cum
1535 2459 1703 2489 Camerario
1727 2461 1762 2488 de
1786 2460 1966 2489 instituenda
1993 2461 2093 2489 schola
2114 2459 2191 2490 Stet-

408 2501 513 2529 tinensi
535 2501 564 2528 in
585 2501 767 2531 Pomerania.

186 2543 272 2572 Mart.
327 2545 351 2571 1.
375 2543 465 2571 Mittit
486 2552 609 2571 examen
633 2545 869 2580 ordinandorum,
889 2554 911 2573 s.
935 2545 1020 2573 etiam
1044 2554 1166 2574 examen
1189 2545 1436 2582 Megalburgense
1459 2546 1568 2574 amicis.
