2299 2921
133 125 198 159 343
581 123 692 158 PmL.
713 123 818 158 MEL.
842 123 1029 158 SCRIPTA
1051 123 1322 157 DOGMATICA
1342 124 1399 157 ΕΤ
1421 122 1695 157 SYMBOLICA.
2076 125 2141 158 344

135 220 309 250 Dessaviae
337 220 476 259 scripsit,
505 219 591 259 (ibid.
609 230 639 259 p.
661 221 748 257 788.)
777 220 847 249 huic
876 219 1001 255 indicat,
1030 217 1212 248 loachimum
1241 218 1444 249 Camerarium
1473 220 1571 259 ipsum
1602 220 1914 249 commemorationem
1939 227 2026 248 suam
2053 219 2088 256 (i.
2112 229 2140 250 e.

135 263 373 293 Consessionem
402 263 531 301 Saxon.)
557 264 698 302 scriptam
727 262 931 292 exhibiturum
956 271 1038 291 esse.
1088 260 1160 291 ltem
1188 261 1223 290 P.
1250 261 1433 292 Medmanuo
1462 263 1491 292 in
1520 262 1651 302 epistola
1682 262 1789 291 eodem
1819 261 1869 291 die
1899 261 1969 291 data
1997 261 2083 299 (ibid.
2108 271 2138 302 p.

138 308 197 336 787
223 308 286 345 sq.)
310 310 421 341 narrat,
441 316 478 336 se
500 316 518 335 a
536 305 756 344 Wittemberga
773 305 811 334 ad
829 303 1025 334 Anhaltinum
1044 305 1239 339 secessisse,
1268 309 1301 334 ut
1323 306 1467 344 scriptum
1485 309 1641 344 pertexere
1665 308 1789 344 posset,
1813 305 1894 343 quod
1920 304 1959 334 ad
1981 304 2139 344 Synodum

135 349 356 383 Tridentinam‚
376 349 404 378 si
428 349 622 388 procederet,
641 348 817 377 mittendum
838 351 933 377 esset.
977 346 1037 376 Die
1062 349 1090 377 5.
1110 347 1184 376 Maii
1206 358 1224 377 a
1245 348 1468 387 Wittemherga
1492 347 1673 378 Dessaviam
1692 351 1875 377 secesserat.
1920 347 2001 386 Ergo
2024 347 2141 377 Melan-

133 392 207 423 thon
237 393 311 421 intra
338 392 405 421 dies
430 393 555 421 6—10.
578 390 652 420 Maii
678 389 913 420 Confessionem
938 390 1048 420 Saxon.
1071 390 1245 420 Dessaviae
1264 392 1395 430 scripsit.
1440 391 1487 421 Eo
1512 392 1601 421 etiam
1626 391 1709 420 venit
1731 389 1831 420 [oach.
1856 389 2064 429 Camerarius,
2086 400 2141 430 per

136 446 226 475 quem
245 444 311 464 eam
331 435 414 464 misit
433 434 470 463 ad
494 432 781 470 Cummerstadium‚
800 437 832 463 ut
849 433 983 463 Electori
1007 434 1045 462 ab
1068 443 1105 463 eo
1129 433 1328 464 exhiberetur.

289 477 400 507 Altera
424 478 564 516 quaestio
584 480 632 506 est
650 477 689 505 de
715 476 886 506 Codicibus
913 480 944 506 et
968 475 1169 505 Eclitionibus
1195 476 1287 506 huius
1315 475 1542 506 consessionis.
1587 475 1726 511 Iliorum,
1758 476 1840 515 quod
1866 476 1947 511 scio,
1971 485 2050 505 unus
2077 479 2140 505 tan-

134 524 195 551 tum
215 524 314 550 exstat
333 521 422 558 isque
441 519 613 559 originalis,
638 520 740 550 barum
759 522 859 549 autem
881 518 986 558 plures
1004 519 1186 558 prodierunt.
1862 530 1863 533 ¹

575 674 622 694 aa.
668 664 718 693 De
741 663 793 694 Co
800 664 841 694 de·
847 674 885 693 ce
909 675 927 693 o
935 666 994 703 νίς]
1001 665 1038 693 in
1047 674 1066 693 a
1073 663 1087 693 l
1092 665 1105 692 z'
1133 662 1348 703 Confessionis
1370 663 1549 693 Saxom‘cae
1570 663 1694 693 latinae.

289 757 348 787 Hic
367 756 489 793 Codex,
518 758 628 788 donum
654 758 754 788 Nicol.
778 758 970 792 Selnecceri‚
1000 761 1173 787 asservatur
1198 758 1226 786 in
1255 756 1450 786 Bibliotheca
1479 757 1599 786 aedium
1627 767 1777 786 sacrarum
1806 756 1853 786 St.
1883 755 2034 791 nomae,
2065 765 2142 795 quae

129 800 259 840 Lipsiae
282 805 368 835 sunt,
393 805 423 831 et
446 802 557 831 eximia
577 801 791 831 benevolentia
807 800 875 831 Viri
900 811 1018 830 summe
1041 801 1203 830 venerandi
1224 799 1400 829 Lechleri
1421 799 1704 839 Superintendentis
1724 799 1806 829 illius
1824 799 1907 829 urbis
1926 808 2044 829 mecum
2063 809 2141 828 com·

128 845 297 874 municatus
321 847 381 873 est.

287 886 347 917 Hic
370 885 477 916 Codex
500 888 672 917 membrana
694 886 848 917 involutus
879 887 1012 916 continet
1042 887 1102 916 126
1132 885 1205 916 solia
1234 885 1346 914 formae
1376 885 1523 914 maximae
1553 886 1582 914 in
1601 895 1657 914 sex
1686 884 1850 914 fasciculos
1874 885 1987 919 divisa,
2016 893 2142 923 quorum

131 930 265 968 quinque
285 930 402 969 priores
426 930 534 960 litteris
558 930 668 960 A-E
692 931 802 969 signati
825 933 897 959 sunt
927 929 955 958 in
979 929 1118 958 inferiore
1141 933 1225 968 parte
1254 929 1338 967 primi
1367 927 1430 957 folii
1455 927 1642 966 singulorum
1665 927 1887 957 fasciculorum.
1932 927 1962 956 A
1983 927 2142 956 recentiori

130 982 220 1002 manu
245 973 273 1001 in
292 982 436 1012 suprema
459 972 596 1002 soliorum
614 977 700 1012 parte
723 983 740 1002 a
759 973 863 1002 dextra
885 973 999 1001 numeri
1023 972 1165 1011 adscripti
1185 976 1271 1006 sunt3
1296 972 1324 1000 in
1348 971 1405 1000 hac
1424 981 1494 1000 vero
1519 971 1723 1000 numeratione.
1742 969 1793 999 sol.
1821 972 1892 1000 118.
1914 969 1992 999 male
2010 972 2143 1009 praeter-

130 1016 261 1045 missum
286 1020 352 1050 est,
373 1020 553 1055 quapropter
573 1015 645 1048 solia
666 1017 829 1055 sequentia
846 1025 899 1055 pro
923 1016 1055 1044 numeris
1085 1016 1274 1045 119—126.
1304 1014 1423 1053 signata
1450 1017 1522 1044 sunt
1548 1014 1680 1043 numeris
1707 1014 1896 1043 118—125.
1941 1012 2011 1041 Alia
2034 1020 2142 1041 manus

130 1059 257 1097 paginas
278 1058 359 1098 stylo
380 1062 538 1088 cerussato
558 1060 732 1089 numeravit.
777 1057 938 1088 Vetustior
960 1067 1068 1087 manus
1091 1059 1190 1096 priora
1211 1060 1247 1087 19
1271 1056 1359 1092 folia,
1379 1067 1457 1096 quae
1475 1056 1554 1086 tituli
1574 1057 1677 1086 folium
1696 1057 1938 1095 subsequuntur,
1957 1056 1986 1084 in
2009 1055 2144 1093 margine

131 1102 257 1131 sinistro
281 1103 415 1131 numeris
442 1104 555 1132 1—19
579 1103 720 1142 signavit.

288 1144 421 1175 Maxima
439 1143 565 1174 Codicis
588 1155 658 1184 pars
682 1155 740 1174 non
763 1145 801 1174 ab
821 1145 889 1184 ipso
908 1143 1115 1176 Melanthone,
1140 1143 1197 1172 sed
1220 1143 1257 1172 ab
1281 1142 1341 1171 alia
1358 1152 1447 1172 manu
1467 1152 1504 1172 ex
1523 1141 1606 1172 illius
1624 1140 1809 1181 autographo
1822 1141 1854 1179 ἦἢ)
1877 1140 1971 1170 nitide
1990 1140 2144 1179 descripta

130 1191 179 1217 est
203 1186 314 1216 litteris
332 1189 410 1218 satis
434 1189 551 1227 magnis
571 1198 606 1217 ac
629 1187 803 1218 distractius
822 1187 971 1220 exaratis,
991 1187 1032 1215 ita
1053 1190 1087 1216 ut
1109 1185 1248 1224 singulae
1267 1186 1394 1224 paginae
1414 1186 1531 1216 circiter
1553 1186 1686 1214 16—18
1706 1184 1804 1214 lineas
1823 1185 2002 1213 contineant.
2035 1182 2142 1221 Margo

131 1231 273 1269 superior
291 1230 430 1270 pollicis,
451 1231 572 1260 inferior
595 1231 658 1260 sere
681 1231 786 1265 trium,
814 1234 846 1259 et
868 1229 991 1259 sinistra
1014 1229 1076 1258 sere
1096 1232 1223 1267 quatuor
1244 1228 1388 1267 pollicum
1418 1227 1605 1258 latitudinem
1632 1227 1734 1256 hahet.
1777 1226 1809 1255 In
1833 1227 1891 1256 hoc
1918 1235 2013 1255 vacuo
2042 1225 2142 1264 spatio

130 1272 311 1302 Melanthon
336 1284 426 1303 manu
449 1275 566 1314 propria
589 1273 694 1303 multis
718 1273 796 1302 locis
819 1273 878 1302 hoc
900 1271 1103 1311 apographum
1123 1272 1303 1300 retractavit.
1348 1270 1435 1300 Folia
1460 1272 1545 1305 11912,
1567 1271 1626 1300 120
1648 1273 1679 1299 et
1705 1271 1761 1299 121
1789 1269 1936 1305 (numeris
1964 1268 2142 1298 118—120

132 1316 270 1355 signata)
293 1316 362 1346 alba
384 1320 465 1346 sunt.
510 1315 573 1350 Ea,
593 1317 719 1355 quaein
743 1315 794 1345 sol.
822 1317 895 1345 122Δ
917 1316 1023 1353 (121“)
1046 1318 1076 1344 et
1100 1314 1194 1343 maior
1212 1323 1282 1353 pars
1309 1323 1427 1347 eorum,
1458 1323 1535 1352 quae
1559 1314 1588 1342 in
1613 1311 1665 1341 sol.
1692 1313 1766 1341 122¹)
1795 1311 1952 1350 leguntur,
1981 1320 1999 1339 a
2027 1309 2142 1339 Melan-

132 1359 237 1388 thonis
256 1369 347 1390 manu
366 1361 479 1399 scripta
497 1365 577 1389 sunt.
622 1358 707 1388 Haec
734 1359 804 1387 inde
830 1368 848 1387 a
871 1358 934 1387 folii
962 1358 1036 1386 122¹*
1059 1360 1143 1396 parte
1161 1360 1294 1385 extrema
1317 1365 1416 1394 usque
1434 1355 1471 1385 ad
1491 1355 1542 1385 sol.
1569 1357 1642 1385 124³
1665 1355 1770 1393 (123⁸)
1792 1358 1866 1385 extr.
1886 1356 2054 1392 sequuntur
2072 1351 2145 1381 sub-

132 1402 319 1441 scriptiones
339 1413 453 1441 eomm,
473 1403 523 1442 qui
543 1402 614 1431 huic
633 1400 830 1431 Consessioni
849 1403 1057 1430 assenserunt.
1092 1399 1158 1428 Hae
1178 1409 1283 1428 omnes
1302 1399 1440 1428 manibus
1459 1399 1588 1438 propriis
1607 1401 1746 1427 exaratae
1764 1400 1843 1427 sunt.
1873 1396 1929 1426 Fol
1950 1396 2026 1425 124b
2047 1397 2142 1424 vacat.

132 1444 198 1474 Fol.
225 1446 300 1475 125³
322 1465 363 1469 —-
390 1447 463 1475 125¹³
487 1446 550 1475 init.
570 1450 664 1483 (num.
691 1445 759 1474 124.
783 1445 876 1483 sign.)
905 1454 923 1473 a
952 1442 1071 1472 duobus
1100 1442 1269 1480 theologis,
1305 1451 1383 1480 quos
1414 1441 1580 1476 lohannes,
1610 1440 1744 1470 Marchio
1777 1439 2079 1477 Brandenburgicus,
2103 1436 2144 1466 ad

133 1487 285 1527 synodum
303 1489 583 1528 Wittembergicam
608 1488 645 1517 ad
668 1487 745 1516 hanc
769 1486 1005 1518 Confessionem
1029 1484 1254 1515 deliberandam
1279 1484 1489 1523 delegaverat.
1520 1485 1633 1523 scripta
1661 1487 1741 1514 sunt.
1787 1481 1854 1512 Fol.
1879 1485 2043 1512 extremum
2070 1480 2141 1510 126.

132 1534 226 1569 (num.
252 1532 320 1562 125.
345 1534 513 1570 signatum)
537 1530 637 1560 album
661 1533 719 1559 est.

288 1575 388 1605 Huius
412 1573 538 1604 Codicis
562 1574 689 1613 primurn
708 1572 812 1603 solium
836 1573 864 1602 in
887 1573 987 1603 antica
1005 1574 1090 1612 parte
1113 1570 1245 1602 continet
1264 1569 1376 1599 haecce
1400 1580 1418 1599 a
1436 1570 1568 1599 diversis
1592 1568 1731 1599 manibus
1754 1567 1883 1605 scripta:

1045 1647 1221 1687 Oriyinale.

799 1718 959 1759 Repetitio
1006 1716 1223 1755 Confessz‘onz‘s
1266 1716 1469 1754 Auyustanae

835 1772 895 1800 An.
937 1771 1014 1802 1551
1061 1767 1258 1806 Witeheryae
1303 1767 1434 1804 scripta,

836 1817 867 1843 et
922 1811 1149 1849 subscriptione
1194 1810 1436 1848 praecipuorum

836 1856 1011 1885 Doctorum
1035 1855 1067 1882 ‘ln
1094 1852 1248 1893 Ecclesffjs
1270 1855 1300 1880 et
1322 1850 1437 1880 scholis

835 1898 943 1927 harum
1008 1895 1182 1935 Regionum
1245 1895 1436 1932 confirmata.

849 1981 972 2022 Templo
1021 1980 1191 2012 Thomz‘ano
1237 1982 1420 2016 consecrata

878 2026 898 2054 ὰ
945 2023 1083 2054 Νἱοοῖαο
1122 2023 1304 2052 Setaea-cero
1350 2021 1391 2050 D.

900 2075 1189 2115 Superintendente.
1209 2084 1259 2103 an.
1279 2074 1375 2103 1580.

904 2120 942 2149 Μ
959 2122 1067 2158 petrus
1087 2120 1145 2155 ᾥεῇ
1170 2118 1302 2147 diacon:

903 2163 939 2191 M
959 2162 1048 2191 Simo
1070 2161 1224 2191 Gediccus
1247 2159 1410 2189 Diaconus

903 2205 948 2234 311·
973 2204 1135 2243 Casparus
1157 2203 1302 2233 filbertus
1324 2202 1486 2231 Diaconus

905 2248 949 2277 M·
973 2247 1155 2277 Alexander
1176 2244 1299 2276 Becker
1322 2245 1485 2274 macoma

136 2347 169 2377 ln
194 2351 325 2376 extrema
344 2346 435 2376 huius
454 2347 582 2385 paginae
600 2348 684 2384 parte
708 2344 783 2373 haec
801 2353 817 2372 a
841 2343 998 2372 recentiori
1021 2351 1110 2371 manu
1127 2340 1268 2370 adnotata
1287 2342 1373 2368 sunt:
1396 2336 1472 2368 NB.
1518 2335 1607 2366 Haec
1624 2333 1768 2382 repetitio
1791 2331 1879 2371 typis
1897 2328 2143 2379 exscripta-fuit

139 2390 271 2429 Lipsiae
299 2390 304 2429 l
333 2390 387 2418 sub
411 2389 521 2419 titulo:
551 2388 712 2426 Confessio
734 2386 908 2415 Doctrinae
931 2384 1141 2413 Ecclesiarum
1169 2384 1173 2424 Ι
1202 2383 1430 2411 Saxona-arum
1453 2379 1634 2417 conscripta
1657 2376 1743 2426 loo]-
1794 2374 1836 2425 {Jt
1858 2372 1988 2413 Synodo
2016 2371 2142 2401 Trzden·

139 2434 225 2462 tinae
253 2432 447 2463 exhibeatur,
469 2432 473 2472 Ι
493 2431 623 2471 Lipsiae
646 2433 686 2471 jv
706 2430 840 2468 officina
865 2428 1022 2467 Valentinj
1045 2426 1155 2466 Papae
1175 2430 1179 2465 Ι
1201 2425 1293 2454 1533.
1307 2425 1359 2459 ¹⁶³²)
1405 2422 1546 2452 Habetur
1565 2422 1657 2450 etiam
1676 2428 1716 2459 μὶ
1736 2418 1742 2459 ι
1761 2417 1883 2447 Hester.
1913 2416 1952 2447 A.
1979 2414 2012 2446 C.
2038 2413 2142 2444 Coele-

246 2545 272 2573 ’ἡ
292 2545 326 2569 De
345 2545 393 2569 hoc
411 2544 568 2574 autographo
587 2543 698 2568 fortasse
716 2542 854 2567 Dessavine
873 2541 1006 2565 asservato
1024 2538 1089 2564 infra
1107 2543 1188 2569 pauca
1208 2537 1343 2562 adnotabo.

230 2587 273 2614 ⁸⁸]
293 2587 353 2612 Huic
371 2587 426 2612 loto
445 2593 459 2611 a
477 2586 579 2611 sinistra
598 2586 726 2617 adscripta
744 2586 814 2610 sunt:
833 2584 956 2610 nabetur
975 2583 1003 2608 in.
1022 2581 1193 2608 Bibliotheca
1211 2582 1312 2606 nostru
1327 2579 1332 2610 ι
1348 2580 1411 2609 Hep.
1431 2578 1473 2604 ΙΧ.
1492 2578 1551 2602 565.
1570 2576 1596 2600 8-
