2299 2921
169 112 235 145 259

214 207 286 237 Non
308 209 377 237 ficta
398 208 558 248 πρόφασις.
593 209 662 244 VII,
686 209 756 237 406.

214 251 286 280 Non
310 252 438 280 humano
461 261 558 280 errore
580 256 699 279 tantum.
732 249 800 284 VII,
825 251 895 279 972.

214 293 286 323 Non
309 305 356 323 me
378 298 573 332 tempestates.
603 295 640 328 V,
665 293 735 321 700.

214 336 285 366 Non
308 338 472 374 negandum
496 343 540 364 est
561 336 680 373 aliquid.
716 334 770 368 IV,
796 335 866 364 885.

213 378 285 408 Non
307 384 408 408 nostro
431 379 553 408 consilio
576 379 615 407 fit.
649 376 705 412 IX,
732 376 802 406 282.

214 422 285 451 Non
309 422 441 460 poeticae
465 422 656 450 carnificinae.
692 418 778 453 VIII,
803 420 874 449 693.

214 465 286 494 Non
311 473 467 502 possumus
489 465 519 492 in
542 464 616 492 aula.
650 462 692 501 Π,
716 462 788 491 329.

213 507 286 536 Non
309 512 406 544 potest
428 508 494 542 dici,
517 516 603 543 quam
625 505 745 534 atrocia.
783 503 807 539 Ι,
831 505 902 534 750.

213 550 285 579 Νο11
311 550 335 578 si
356 550 427 578 mihi
451 550 592 588 quamvis.
626 548 664 583 V,
690 548 740 576 54.

214 593 287 622 Non
311 593 404 621 solum
425 598 545 631 propter
567 592 765 629 sponsionem.
802 589 839 625 V,
863 591 935 620 573.

214 635 285 665 Non
309 638 421 664 tantum
445 640 578 664 senectae
601 633 779 662 morositate
817 631 872 668 IX,
895 632 985 662 1050.

214 678 357 707 Nondum
381 679 417 707 ad
438 688 492 707 nos
514 687 531 706 a
554 678 627 714 ripa.
662 675 715 710 VI,
735 676 784 704 31

214 721 366 757 Nondum,
388 722 427 750 mi
450 720 561 755 Ioaeh.,
585 719 756 747 facultatem
775 718 957 747 conficiendi.
981 717 1008 754 Ι,
1031 718 1103 748 831.

214 764 355 792 Nondum
378 770 446 802 post
468 764 592 792 reditum
616 762 707 800 potui.
742 759 799 796 ΙΙΙ,
825 762 896 790 711.

217 807 357 836 Nondum
380 807 603 844 pionunciatum
627 809 678 833 est.
711 802 750 838 H,
774 804 847 832 383.

217 850 300 879 Nota
322 854 367 878 est
388 850 459 878 mihi
482 855 533 878 tua
557 848 678 876 bonitas.
713 824 766 881 IV,
791 846 862 875 885.

219 892 339 922 Nullius
361 893 489 921 hominis
511 893 541 920 in
565 891 624 919 vita
646 889 835 958 consueItIudo.
869 887 922 925 VI,
942 889 1013 919 323

220 935 355 965 Nuncius
379 941 474 964 vester
497 935 623 973 primum
645 932 725 961 mihi.
786 932 886 967 ..899

219 979 379 1016 Nunquam
402 979 456 1006 fuit
478 977 549 1006 mihi
570 976 731 1005 molestius.
766 974 791 1010 Ι,
816 975 886 1004 788.

220 1021 435 1060 Occupationes
457 1020 656 1058 quotidianae,
680 1027 812 1055 quarum.
847 1017 871 1053 I,
898 1017 988 1047 1082.

219 1064 347 1094 Omnino
366 1064 464 1093 fatalis
484 1069 527 1092 est
544 1071 640 1101 poena
654 1061 727 1088 haec
747 1062 970 1098 γιγαντομαχία.
994 1059 1048 1096 VI,
1065 1060 1136 1090 319.

219 1106 350 1137 Omnino
373 1107 471 1135 fatalis
493 1115 590 1144 poena
609 1109 662 1136 est,
686 1104 759 1131 haec
781 1103 931 1132 Thebana.
965 1102 1019 1138 V1,
1040 1081 1114 1132 3218.

221 1150 300 1189 Opto
325 1151 458 1187 equidem
482 1155 513 1178 ut
536 1148 665 1176 feliciter.
699 1145 784 1180 VIII,
809 1146 859 1175 55

221 1192 300 1230 Opto
324 1198 356 1221 ut
378 1193 425 1221 hic
448 1201 542 1221 annus
564 1191 649 1218 faust.
672 1189 775 1225 felixq.
811 1188 851 1224 ΙΙ,
876 1188 946 1217 623

220 1235 282 1265 Oro
300 1235 392 1264 filium
416 1235 473 1264 Dei
498 1235 645 1263 custodem
669 1231 829 1260 Ecclesiae.
853 1230 940 1266 VIII,
966 1232 1035 1260 135.

220 1277 282 1307 Oro
305 1279 397 1307 filium
421 1278 479 1307 Dei
509 1284 542 1306 ut
563 1285 617 1304 nos
640 1283 741 1303 omnes
765 1275 913 1311 gubernet.
953 1272 1010 1308 IX,
1035 1274 1105 1303 776.

219 1322 338 1350 Pastori
361 1322 511 1350 Ecclesiae
534 1325 647 1348 vestrae
669 1318 752 1345 mitto
776 1317 881 1354 capita.
914 1315 984 1351 VII,
1009 1316 1080 1345 555.
1180 1274 1186 1359 Ι

219 1364 285 1393 Pax
308 1366 418 1402 optima
439 1361 724 1396 10111111.ΙΠ,697.
1180 1362 1185 1391 1

219 1407 361 1445 Pergrata
383 1408 454 1436 mihi
478 1412 528 1435 tua
550 1406 580 1434 in
601 1402 754 1433 scribendo
778 1402 927 1431 sedulitas.
958 1400 984 1437 Ι,
1008 1401 1078 1431 729.

220 1450 359 1479 Petamus
382 1455 410 1478 et
433 1455 622 1497 expectemus
644 1457 670 1474 a.
705 1445 743 1480 V,
767 1446 838 1474 894.

220 1493 353 1522 Platonis
374 1493 447 1522 illud
469 1492 602 1521 meminis
597 1491 635 1518 ti.
669 1488 726 1523 IX,
750 1488 820 1517 449.

221 1536 294 1566 Plus
312 1546 442 1565 mensem
464 1537 523 1564 iam
546 1534 654 1573 passim
678 1540 813 1560 erronum
834 1540 923 1559 more.
945 1530 972 1570 Ι,
997 1531 1068 1560 743.
1181 1499 1185 1586 Ι

221 1579 293 1609 Post
316 1580 480 1617 Anglorum
503 1579 662 1607 discessum
685 1574 817 1602 detinuit.
847 1573 904 1609 ΙΙΙ,
929 1575 978 1603 89.
1181 1587 1186 1620 l

220 1622 293 1652 Post
311 1623 475 1660 Anglorum
498 1622 657 1649 discessum
680 1618 747 1646 misi
769 1617 960 1646 Bernardum.
994 1616 1051 1652 ΙΙΙ,
1075 1617 1125 1646 91.

220 1666 293 1695 Post
317 1671 396 1694 tuum
419 1666 474 1693 iter
497 1665 547 1692 ad
547 1666 684 1691 eneiunt.
715 1660 800 1696 VIII,
825 1661 897 1690 311.
1181 1624 1187 1806 ΓΙ

220 1709 416 1746 Posteaquam
441 1718 485 1743 ca,
508 1717 582 1745 quae
605 1710 784 1773 moventurII
798 1702 838 1738 II,
863 1703 933 1732 728
1181 1719 1183 1742 1

221 1752 417 1789 Posteaquam
441 1756 599 1788 ungentum
624 1749 660 1777 ad
683 1753 719 1775 te
786 1747 888 1780 ,713,
1181 1744 1184 1759 “

222 1796 381 1832 Postquam
401 1794 490 1823 semel
513 1793 605 1821 laxati
624 1796 699 1820 sunt.
735 1746 804 1823 VIIII,
827 1790 899 1818 518.

223 1838 369 1866 Postridie
392 1837 548 1875 paschatos
571 1836 625 1863 hic.
659 1833 684 1867 I,
705 1832 776 1861 792.

223 1881 369 1909 Postridie
392 1889 478 1928 quam
500 1879 574 1907 redii
597 1878 714 1905 domum
738 1874 850 1912 Lipsia.
883 1874 907 1909 I,
931 1874 1002 1903 648

222 1924 342 1951 Praeter
364 1923 529 1960 opinionem
554 1920 668 1954 accidit,
692 1924 722 1946 ut
745 1917 898 1946 distuleiit.
934 1917 958 1952 I,
983 1916 1052 1946 682.

222 1967 331 1994 Precor
355 1964 502 1994 Chiistum
526 1975 563 1993 ex
586 1964 693 1991 animo.
727 1960 767 1996 II,
791 1960 862 1989 918.

223 2009 322 2037 Pridie
345 2009 408 2038 Cal.
434 2009 547 2046 Aprilis
569 2008 653 2035 hanc.
688 2003 744 2039 IX,
771 2003 839 2031 122.

223 2053 353 2080 Primum
375 2061 411 2079 ex
435 2053 491 2080 tuis
514 2051 606 2078 literis
628 2049 761 2077 reditum.
792 2046 861 2082 VII,
882 2047 952 2076 867.

223 2096 353 2123 Primum
371 2100 440 2132 opto
464 2104 501 2122 ex
523 2095 628 2121 animo.
660 2091 697 2126 V,
722 2091 792 2119 554.

223 2139 347 2166 Prorsus
370 2138 418 2165 hic
442 2139 568 2165 teximus
591 2136 688 2164 telam.
714 2132 769 2170 III,
792 2132 862 2162 686.

222 2181 348 2209 Prorsus
366 2181 440 2208 nihil
462 2180 614 2208 habebam.
647 2177 688 2211 ΙΙ,
713 2176 784 2205 396.

224 2223 308 2258 Quae
330 2225 438 2252 fuerint
460 2224 544 2251 initio
567 2228 624 2250 tua.
649 2220 719 2255 VII,
743 2219 815 2248 939.

224 2265 307 2300 Quae
331 2273 359 2294 te
383 2276 479 2300 curae,
502 2266 541 2293 mi
564 2265 587 2294 Ι.
621 2264 645 2298 Ι,
670 2263 742 2292 985.

226 2310 376 2345 Quaedam
400 2310 572 2347 praecipuae
595 2307 748 2335 foeminae.

227 2352 344 2388 Quaeso
368 2358 404 2387 te,
428 2357 585 2380 tantumne.
619 2350 643 2384 I,
666 2349 737 2378 836.

228 2395 410 2431 Quamquam
434 2395 507 2422 nihil
530 2394 681 2422 habebam.
715 2392 738 2426 I,
764 2392 835 2421 999.

229 2438 403 2476 Quanquam
424 2439 494 2465 certi
518 2437 590 2465 nihil
615 2435 767 2464 habebam.
803 2434 843 2470 II,
871 2434 939 2464 192.

229 2481 416 2518 Quantopere
436 2482 580 2517 requiram
604 2479 713 2507 literas.
746 2477 770 2513 Ι,
792 2478 882 2506 1098.

230 2523 288 2559 Qui
307 2525 400 2552 dicam
424 2525 478 2551 hoc
502 2523 652 2551 accidisse.
686 2521 710 2556 Ι,
735 2522 806 2550 951.

718 2564 741 2599 l,
767 2564 837 2594 855.

786 2304 853 2339 VII,
875 2305 943 2334 165.

232 2568 307 2603 Quid
332 2576 435 2595 causae
457 2576 520 2595 esse
544 2565 683 2602 suspicer.

815 112 1002 145 PHILIPPI
1023 112 1343 146 MELANTHONIS
1368 112 1526 145 OPERA.

2119 116 2184 148 260

1246 207 1325 243 Quid
1347 209 1481 243 scribam,
1505 209 1562 237 nisi
1593 215 1669 246 vota,
1693 211 1765 239 nihil
1788 212 1888 241 habeo.
1922 211 1978 247 IX,
2002 212 2074 241 744.

1246 250 1312 286 Quo
1335 251 1382 279 die
1405 251 1550 280 Mattheus
1572 253 1636 282 iter.
1668 253 1722 289 VI,
1742 254 1813 284 820.

1247 292 1334 328 Quod
1354 293 1534 330 aliquamdiu
1556 295 1662 324 distuli.
1697 296 1721 331 Ι,
1746 297 1817 327 919.

1247 335 1335 372 Quod
1358 337 1511 374 aspersisti
1533 338 1741 367 dulcissimam.
1775 339 1813 375 V,
1835 340 1885 370 46.

1248 378 1336 414 Quod
1358 379 1442 408 bonis
1464 379 1533 408 boni
1555 380 1597 409 fit.
1632 380 1669 415 V,
1694 382 1766 411 322.

1249 421 1335 457 Quod
1358 421 1484 458 bonum,
1505 423 1590 451 faust.
1613 423 1713 461 felixq.
1737 425 1784 458 sit,
1808 425 1939 453 venimus
1961 425 2032 453 heri.
2064 425 2183 460 1‚-796.

1249 463 1337 499 Quod
1360 465 1396 492 de
1418 466 1490 493 meis
1509 466 1681 494 actionibus.
1715 466 1756 502 II,
1780 467 1851 496 333.

1250 506 1338 542 Quod
1360 507 1396 535 de
1418 509 1545 545 negotiis
1567 514 1736 538 conventus.
1770 508 1811 544 II,
1836 509 1906 539 662.

1251 548 1338 584 Quod
1359 549 1444 580 faust.
1470 555 1499 578 et
1521 551 1592 579 felix
1613 553 1660 586 sit,
1684 552 1767 580 adest
1789 550 1925 580 Sabinus.
1960 552 2044 588 VIII,
2069 553 2140 584 859.

1251 591 1340 627 Quod
1361 592 1449 622 faust.
1472 599 1501 621 et
1519 594 1592 621 felix
1612 596 1658 630 sit,
1683 595 1719 623 de
1742 598 1793 623 tuo
1815 604 1934 632 genero.
1966 594 2025 630 IX,
2048 595 2097 625 22.

1251 633 1339 703 Qupd
1360 634 1445 666 faust.
1467 641 1495 664 et
1516 636 1586 664 felix
1611 638 1666 673 sit,
1696 638 1743 665 die
1773 638 1926 667 undecimo
1950 636 2096 676 Septemb.
2130 637 2186 674 IX,

1251 718 1338 754 Quod
1359 720 1444 751 faust.
1468 726 1497 749 et
1516 721 1589 749 felix
1607 723 1654 757 sit,
1673 723 1749 751 diem
1768 732 1852 751 sacro
1870 723 2004 761 nuptiali.
2031 723 2100 760 VII,
2112 724 2182 753 598.

1251 762 1339 797 Quod
1361 763 1446 793 faust.
1472 769 1499 792 et
1521 764 1592 792 felix
1615 766 1661 800 sit,
1685 765 1859 793 Erfordiam.
1892 766 1927 801 V,
1953 767 2022 796 154.

1252 805 1340 840 Quod
1368 806 1451 835 faust.
1478 811 1505 834 et
1536 807 1608 835 felix
1636 808 1682 843 sit,
1710 808 1772 835 heri
1794 808 1947 837 Lutherus.
1980 809 2018 844 V,
2041 809 2111 839 834.

1251 846 1339 882 Quod
1361 848 1447 878 faust.

1251 890 1339 926 Quod
1360 892 1447 921 faust.

1252 933 1338 969 Quod
1360 934 1445 964 faust.

1471 853 1500 877 et
1521 849 1593 877 felix
1611 850 1658 885 sit,
1680 851 1738 878 iam
1757 851 1794 878 ad
1812 851 2014 888 hymenaeum.
2039 850 2096 886 IX,
2112 851 2182 882 166.

1469 896 1496 919 et
1518 892 1591 920 felix
1615 893 1661 927 sit,
1682 892 1866 922 Laurentius.
1890 893 1975 929 VIII,
1999 893 2071 923 627.

1470 939 1498 962 et
1518 935 1588 964 felix
1609 936 1655 970 sit,
1679 936 1834 965 Milichius.
1868 936 1906 971 V,
1930 936 2001 966 462.

1252 976 1339 1012 Quod
1360 977 1446 1006 faust.
1471 982 1500 1005 et
1521 978 1593 1006 felix
1614 978 1661 1013 sit,
1684 979 1757 1007 redii
1779 980 1815 1007 ad
1838 979 1992 1016 orphanos.
2017 977 2069 1013 VI,
2093 979 2164 1008 731.

1252 1019 1338 1054 Quod
1360 1020 1444 1049 faust.
1469 1020 1570 1057 felixq.
1594 1022 1641 1055 sit,
1665 1022 1859 1058 proficiscitur
1883 1022 1919 1050 ad
1943 1030 2003 1051 vos,
2031 1021 2087 1058 HJ,
2111 1022 2183 1051 419.

1253 1062 1340 1098 Quod
1363 1063 1449 1091 faust.
1473 1063 1574 1100 felixq.
1598 1064 1645 1098 sit,
1668 1065 1891 1101 proficiscuntur
1913 1065 1998 1093 istuc.
2031 1063 2071 1100 Π,
2091 1064 2162 1093 878.

1252 1104 1339 1140 Quod
1361 1106 1391 1134 in
1414 1106 1465 1133 illa.
1488 1106 1590 1143 prima.
1626 1106 1663 1141 V,
1688 1107 1758 1136 422.

1252 1148 1338 1183 Quod
1360 1158 1415 1176 nec
1437 1149 1564 1177 muueris
1587 1149 1705 1186 publici.
1740 1150 1777 1184 V,
1801 1151 1872 1179 438.

1252 1189 1340 1225 Quod
1363 1191 1465 1220 scribis
1487 1192 1523 1219 de
1545 1192 1672 1228 torquati
1693 1192 1781 1221 illius.
1815 1191 1870 1227 IX,
1894 1193 1965 1222 413.

1252 1232 1339 1268 Quod
1362 1233 1465 1261 scribis
1488 1238 1599 1271 putare.
1634 1234 1658 1268 Ι,
1686 1235 1775 1264 1112,

1253 1275 1390 1310 Quotidie
1412 1275 1483 1303 mihi
1506 1276 1630 1304 facultas
1654 1280 1706 1304 est.
1738 1277 1778 1309 ΙΙ,
1804 1279 1874 1307 899.

1252 1318 1344 1346 Recte
1366 1319 1486 1346 coniicis
1508 1328 1554 1346 me
1576 1319 1666 1347 fuisse
1687 1321 1830 1356 ignarum.
1859 1320 1899 1355 II,
1924 1320 1994 1351 646.

1253 1361 1367 1389 Reddet
1385 1361 1437 1389 tibi
1460 1361 1536 1389 hauc
1559 1362 1722 1400 epistolam.
1752 1362 1805 1398 IV,
1826 1364 1896 1392 760.

1253 1403 1392 1432 Reddidit
1414 1404 1485 1432 mihi
1508 1410 1572 1433 tuas
1590 1405 1689 1433 literas
1711 1407 1890 1443 gravissime.
1925 1405 1965 1440 H,
1989 1405 2059 1434 545.

1254 1447 1362 1475 Reddit
1384 1447 1455 1475 mihi
1479 1448 1541 1475 heri
1563 1446 1685 1485 Caspar.
1720 1449 1758 1484 V,
1779 1450 1850 1478 398.

1252 1490 1470 1527 Respondimus
1494 1491 1545 1518 tibi
1568 1491 1604 1518 de
1628 1501 1693 1519 una.
1727 1491 1767 1525 H,
1793 1492 1863 1521 704.

1252 1533 1369 1570 Rogavi
1388 1537 1417 1560 te
1438 1534 1468 1560 in
1490 1534 1641 1570 proximis.
1675 1534 1700 1570 Ι,
1727 1533 1817 1563 1092.

1252 1575 1347 1613 Saepe
1369 1576 1425 1605 hoc
1447 1576 1592 1613 usurpavi.
1625 1576 1678 1613 IV,
1703 1578 1774 1606 895.

1253 1618 1347 1657 Saepe
1366 1619 1423 1647 iam
1447 1624 1558 1647 veteres
1577 1619 1726 1648 Ecclesiae
1749 1628 1911 1647 aerumnas.
1946 1617 2013 1653 VH,
2037 1618 2108 1647 956.

1253 1661 1348 1699 Saepe
1366 1662 1480 1690 intueor
1499 1662 1595 1690 animo
1620 1662 1785 1690 Danielem.
1821 1662 1874 1697 VI,
1900 1663 1970 1691 771.

1253 1704 1390 1733 Scholam
1409 1710 1537 1733 nostram
1562 1705 1637 1741 quod
1661 1705 1797 1733 faustum.
1827 1705 1851 1740 I,
1874 1705 1944 1733 950.

1252 1746 1386 1776 Sciebam
1409 1748 1464 1784 piis
1485 1747 1649 1776 lectoribus.
1686 1747 1752 1781 VII,
1779 1749 1848 1778 79⁴2.

1252 1788 1319 1819 Scio
1343 1796 1372 1818 et
1394 1790 1529 1827 experior
1551 1791 1689 1826 quotidie.
1726 1790 1763 1825 V,
1788 1791 1859 1820 900.

1252 1832 1319 1862 Scio
1341 1834 1371 1861 in
1393 1832 1519 1861 Danielo
1542 1832 1658 1861 Stibaro
1682 1833 1826 1862 eximiam.
1860 1831 1943 1867 VHI,
1965 1832 2033 1860 115.

1252 1875 1320 1905 Scio
1343 1885 1431 1913 saepe
1454 1885 1507 1904 nos
1529 1874 1736 1905 scholasticos.
1770 1875 1824 1909 IV,
1849 1877 1920 1904 818.

1251 1918 1320 1948 Scio
1344 1918 1466 1955 superbe
1488 1919 1546 1947 καὶ.
1581 1918 1664 1953 VIII,
1684 1918 1754 1947 826.

1252 1961 1320 1990 Scio
1342 1966 1451 1989 tantam
1475 1971 1538 1989 esse
1556 1963 1738 1999 gravitatem.
1763 1961 1815 1996 VI,
1840 1961 1910 1990 588.

1252 2004 1320 2033 Scio
1343 2004 1395 2032 tibi
1418 2006 1586 2033 notissimos
1610 2014 1673 2032 esse
1699 2014 1797 2033 versus
1820 2004 1979 2032 Theocriti.

1252 2046 1320 2076 Scio
1339 2056 1391 2075 vos
1414 2057 1448 2074 ea
1471 2049 1621 2085 sapientia.
1656 2048 1693 2082 V,
1717 2048 1788 2076 832.

1252 2089 1334 2120 Scire
1356 2091 1452 2128 cupio,
1474 2101 1511 2119 an
1534 2091 1690 2128 acceperis.
1725 2089 1764 2125 H,
1786 2089 1855 2118 720.

1253 2133 1364 2162 Scribis
1387 2142 1450 2161 esse
1474 2134 1624 2171 quosdam.
1658 2133 1713 2168 ΠΙ,
1736 2134 1807 2162 204.

1253 2175 1363 2213 Scripsi
1386 2177 1424 2203 ad
1443 2181 1471 2203 te
1493 2181 1560 2215 post
1582 2177 1718 2205 reditum.
1753 2175 1792 2210 H,
1818 2175 1888 2203 860.

1253 2218 1366 2256 Scripsi
1388 2228 1480 2256 nuper
1503 2220 1539 2247 ad
1561 2225 1589 2247 te
1611 2220 1694 2253 adeo,
1718 2228 1817 2246 verum
1841 2217 1917 2254 quia.
1951 2216 1975 2252 I,
1999 2216 2069 2246 687.

1254 2260 1364 2299 Scripsi
1386 2262 1438 2290 tibi
1461 2263 1497 2290 de
1521 2263 1643 2290 duabus.
1677 2261 1716 2297 II,
1742 2262 1811 2289 785.

1254 2304 1364 2342 Scripsi
1386 2305 1437 2332 tibi
1460 2315 1554 2342 nuper
1576 2306 1611 2333 de
1632 2305 1757 2342 negotio.
1788 2302 1828 2338 Π,
1852 2303 1922 2332 537.

1255 2347 1369 2386 Scripsi
1391 2347 1442 2376 tibi
1466 2358 1560 2386 nuper
1580 2358 1625 2376 me
1645 2348 1767 2375 cuidam.
1801 2345 1841 2381 H,
1866 2347 1916 2375 57.

1254 2390 1364 2428 Scripsi
1386 2391 1438 2418 tibi
1459 2401 1552 2429 nuper
1575 2391 1652 2428 quid.
1686 2389 1725 2422 Π,
1749 2389 1819 2418 783.

1254 2432 1377 2471 Scripsit
1399 2433 1435 2461 ad
1459 2444 1504 2462 me
1528 2443 1565 2461 ex
1588 2434 1683 2461 vicina
1706 2432 1919 2469 Parthenopea.
1955 2430 2037 2467 VHI,
2058 2431 2126 2459 893.

1254 2475 1396 2506 Sebaldus
1417 2485 1471 2505 nos
1494 2482 1579 2504 extra
1601 2476 1740 2513 oppidum
1762 2479 1886 2504 secutus.
1918 2473 1943 2509 I,
1968 2475 2037 2503 739.

1254 2518 1374 2557 Semper
1395 2519 1478 2548 affuit
1498 2519 1598 2557 generi
1620 2519 1755 2547 humano.
1791 2516 1858 2552 VH,
1885 2517 1953 2546 105.

1255 2561 1374 2600 Semper
1397 2563 1523 2600 cogitavi
1546 2562 1609 2590 hoc.
1643 2561 1667 2597 I,
1692 2562 1762 2590 751.

2012 2001 2092 2038 vm,
2114 2003 2184 2031 276.
