2299 2921
162 122 223 155 141

163 219 239 256 Aug.

158 515 238 554 Sept.

155 898 221 927 Oct.

155 1195 233 1225 Nov.

150 1665 222 1694 Dec.

155 2091 215 2119 Ian.

953 118 976 149 1.
1021 117 1233 150 ANNALES
1264 116 1411 148 vrrAE.
1818 107 1819 111 ’
2103 120 2166 152 142

286 218 334 246 10.
358 216 495 245 Adfertnr
516 213 760 243 Schwenckfeldii
783 214 897 242 libellus
921 215 1046 252 scriptus
1067 215 1205 243 adversus
1232 213 1448 241 Melanthonem
1472 219 1499 240 et
1522 211 1659 241 Eberum.

352 259 469 296 Accipit
487 258 598 286 litteras
622 257 657 284 de
679 257 750 285 rixis
773 255 956 285 Suinfordiae
979 258 1058 286 ortis.

350 301 438 330 Mittit
460 300 560 328 amicis
584 300 744 327 orationem
766 300 796 327 in
819 300 1003 338 promotione
1021 300 1120 329 Rosae
1142 299 1282 334 habitam,
1305 299 1382 337 typis
1405 298 1592 335 exscriptam.

281 346 327 375 18.
354 343 482 372 Berolini
505 343 664 371 certamina
686 346 750 370 sunt
775 343 810 370 dc
833 343 1048 380 propositione:
1071 352 1108 371 an
1131 343 1209 371 bona
1228 350 1316 380 opera
1339 342 1396 370 sint
1419 340 1593 369 necessaria.

273 431 322 459 23.

297 516 324 544 3.

276 646 323 673 11.

276 687 322 715 18.

275 729 322 756 25.

273 771 321 800 29.

295 899 323 926 3.

291 984 319 1012 8.

270 1068 314 1096 18.

296 2094 319 2119 1.

292 2176 316 2204 2.

289 2220 316 2247 5.

269 2262 315 2289 10.

271 2303 316 2332 12.

271 2433 316 2460 15.

271 2475 319 2503 20.

269 2559 317 2587 22.

347 386 470 415 Moritur
492 385 631 413 Paulus
653 384 705 413 IV.
736 384 826 422 Papa.

346 429 516 458 Melanthon
540 433 657 456 enarrat
679 428 760 465 epist.
782 427 867 455 Pauli
891 429 927 456 ad
950 428 1147 457 Timotheum.

347 471 414 500 Hoc
435 480 534 499 mense
557 471 673 498 tandem
696 470 885 499 absolvuntur
907 471 1104 500 Melanthonis
1127 471 1333 508 responsiones
1356 470 1392 497 ad
1416 468 1553 498 articulos
1574 469 1734 497 Bavaricae
1752 469 1957 505 inquisitionis.

348 515 410 542 Iam
433 514 610 542 recuduntur
632 514 840 550 responsiones
863 514 899 541 ad
922 514 1033 541 articul.
1056 514 1161 542 Bavar.
1180 513 1297 550 inquis,
1325 513 1393 550 quia
1416 512 1550 540 editionis
1570 512 1675 549 prioris
1698 512 1778 540 nulla
1800 511 1936 548 exempla
1952 511 2065 549 reliqua
2088 517 2164 541 sunt.

346 558 414 586 Mel.
440 556 536 586 scribit
560 556 597 584 ad
620 556 758 584 amicum:
783 556 880 584 hostes
904 556 961 584 mei
983 556 1128 591 dixerunt,
1162 566 1193 584 se
1231 556 1301 584 mihi
1323 565 1380 584 non
1400 555 1552 583 relicturos
1575 564 1639 583 esse
1663 555 1816 593 vestigium
1836 555 1918 592 pedis
1942 555 1971 582 in
1994 553 2163 583 Germania.

381 599 412 629 Si
436 599 577 637 expellar,
601 599 715 626 decrevi
739 598 932 627 Palaestinam
957 599 1065 627 adire.“

347 642 453 672 Scribit
474 642 574 670 laudes
597 641 728 678 coniugis
751 651 820 669 suae
842 641 1003 669 defunctae.

340 686 483 721 *Monetur
506 694 523 712 a
545 684 685 721 Philippo
708 684 902 721 Landgravio.
926 689 956 712 ut
975 684 1080 713 scribat
1105 684 1213 721 aliquid
1238 688 1339 711 contra
1362 683 1570 719 Amsdoffium,
1597 687 1665 719 „ben
1685 684 1757 713 alten
1778 682 1980 719 {Bbantaflenfl

348 727 416 755 Mel.
440 727 528 755 mittit
551 727 737 755 Patriarchae
762 726 1089 764 Constantinopolitano
1113 725 1333 754 confessionem
1357 727 1558 763 Augustanam
1582 726 1611 754 in
1634 735 1770 764 graecum
1793 735 1955 755 sermonem
1975 734 2154 754 conversam.

346 770 499 798 Praefatur
522 770 550 797 in
575 769 646 798 Iusti
670 770 759 797 Menii
792 770 957 807 „SBteDigten
983 773 1034 799 ‹ntss
1059 771 1107 799 ben
1134 769 1253 803 &mittin
1274 768 1323 798 ἕνῐ.
1343 768 1427 801 {Bauli
1448 777 1482 798 cm
1502 770 1542 797 bie
1565 769 1671 799 fflbmer
1695 772 1781 804 etc,“‚
1816 769 1865 797 ubi
1896 769 1981 797 etiam
2009 769 2099 797 Menii
2124 768 2166 796 vi—

380 817 437 840 tam
461 817 567 840 narrat.

346 855 498 883 Praefatur
521 855 691 883 Melanthon
711 856 740 882 in
765 864 848 883 suum
871 855 986 892 Corpus
1005 855 1153 882 doctrinae
1174 854 1381 891 germanicum.

346 897 393 926 De
415 897 590 926 carminibus
612 899 672 926 suis
696 898 906 926 modestissime
928 898 1052 932 iudicat,
1071 906 1126 924 nec
1150 896 1211 924 vult
1232 901 1262 924 ut
1285 905 1320 924 ea
1342 897 1469 924 edantur.

344 941 391 968 Ad
414 940 574 968 Henricum
598 940 711 968 Ducem
733 938 854 968 Silesiae
877 941 978 968 scribit
1000 940 1035 967 de
1054 948 1144 967 coena
1166 948 1257 966 sacra.

344 983 377 1010 In
402 993 483 1012 usum
507 983 590 1010 aulae
609 983 700 1010 Elect.
723 983 822 1011 scribit
843 983 954 1011 litteras
976 983 1115 1010 formatas
1137 982 1173 1009 ad
1198 981 1338 1018 Reginam
1358 981 1491 1017 Angliae.

343 1026 556 1063 Heidelbergac
579 1026 658 1053 ardet
681 1026 878 1053 controversia
901 1026 936 1052 de
959 1034 1049 1052 coena
1067 1033 1151 1052 sacra
1173 1024 1247 1051 inter
1268 1023 1447 1051 Heshusium
1471 1028 1499 1051 et
1522 1023 1708 1052 Klebitzium.

340 1069 427 1096 Mittit
446 1068 615 1096 Melanthon
635 1069 847 1095 orationem
869 1069 938 1106 περὶ
960 1070 1101 1107 χαρίτων.

344 1109 491 1147 Georgius
515 1109 672 1138 Cracovius
697 1110 812 1147 eligitur
836 1110 943 1138 Rector
968 1110 1059 1138 Acad,
1080 1109 1174 1137 Viteb.

343 1153 485 1181 Davidem
510 1153 609 1190 Voigt‚
636 1161 767 1181 vocatum
791 1154 820 1181 in
844 1154 1021 1181 academiam
1045 1152 1229 1195 Regiqinont..
1255 1152 1446 1180 commendat.

313 1219 319 1224 .
347 1196 491 1224 Prodeunt
526 1196 722 1223 Melanthonis
757 1198 968 1233 epigrammata
1002 1205 1070 1224 cura
1105 1194 1274 1230 Grathusii,
1315 1204 1378 1223 cum
1407 1194 1586 1231 praefatione
1623 1194 1820 1222 Melanthonis
1854 1195 1891 1222 ad
1927 1192 2056 1222 Comites
2094 1194 2164 1233 Lip-

397 1248 489 1267 enses.

343 1248 512 1310 Mgtanthon
538 1281 638 1309 scribit
656 1291 739 1309 suum
762 1282 900 1309 indicium
924 1282 959 1309 de
984 1281 1182 1309 controversia
1204 1281 1279 1308 inter
1303 1280 1482 1308 Heshusium
1507 1286 1533 1308 et
1558 1279 1736 1308 Klebitzium
1760 1280 1796 1308 ad
1813 1279 1978 1308 Palatinum
1992 1280 2153 1309 Electorem

306 1346 312 1352 .
336 1323 381 1352 De
404 1324 509 1351 finibus
536 1329 628 1352 terrae
652 1324 793 1352 Misnicae
816 1333 897 1352 suain
923 1324 1072 1361 perscribit
1094 1323 1276 1351 sententiam.

340 1367 464 1395 Moritur
486 1367 644 1395 Iacobus
669 1367 869 1395 Miliehius.

310 1432 315 1438 .
339 1410 407 1438 Mel.
432 1410 585 1446 respondet
606 1410 640 1436 de
665 1410 861 1438 controversia
884 1409 1025 1438 Suinforti
1047 1410 1163 1446 agitata.

339 1452 531 1522 Μυὲουίιιε
567 1462 630 1480 cum
656 1453 753 1480 Abdia
784 1452 935 1480 Praetorio
956 1453 1082 1489 disputat
1114 1453 1142 1479 in
1167 1451 1315 1479 academia
1338 1450 1588 1479 Francofordiana
1611 1451 1647 1478 de
1670 1451 1844 1480 necessitate
1867 1451 2006 1479 bonorum
2031 1459 2162 1489 operum.

374 1500 382 1528 (
416 1495 435 1522 f.
455 1505 497 1531 ep.
523 1496 549 1523 d.
579 1496 624 1522 15.
650 1495 732 1522 Mart.
760 1495 864 1532 1560.)

309 1562 315 1567 .
342 1538 470 1565 Peucero
495 1538 621 1565 nascitur
645 1537 730 1566 filius.

338 1579 468 1608 Locham
492 1581 683 1618 proficiscitur
708 1580 875 1608 Melanthon
900 1581 936 1608 ad
960 1582 1124 1617 Augustum
1145 1580 1193 1608 Pr.
1214 1580 1318 1614 Eleon,
1342 1580 1389 1608 ubi
1413 1588 1509 1608 sermo
1533 1584 1577 1608 est
1596 1579 1631 1607 de
1650 1588 1728 1608 nova
1748 1579 1860 1617 synodo
1883 1588 1902 1607 a
1920 1578 2161 1608 Wimariensibus

373 1623 491 1651 indicta.

338 1666 447 1694 Paulus
471 1665 583 1693 Eberus
606 1666 787 1693 renuntiatur
819 1667 847 1693 in
873 1667 1031 1694 Academia
1054 1667 1112 1693 Vit.
1148 1666 1249 1693 doctor
1285 1666 1459 1703 theologiae.
1506 1665 1726 1702 propositiones
1750 1665 1776 1693 ei
1801 1665 1956 1702 scripserat
1979 1664 2158 1693 Melanthon.

375 1709 456 1746 (Vid.
481 1719 527 1746 ep.
550 1709 577 1736 d.
603 1709 650 1736 22.
677 1708 767 1744 Nov.)

342 1750 448 1780 Scribit
470 1761 549 1780 suam
570 1752 741 1779 sententiam
765 1752 800 1778 dc
823 1752 936 1789 synodo
959 1752 1158 1788 theologorum
1183 1751 1371 1779 convocanda
1395 1756 1419 1778 et
1446 1752 1481 1778 de
1506 1751 1668 1779 foederibus
1691 1751 1868 1787 Principum.

310 1816 315 1823 .
340 1795 451 1822 Ardent
475 1794 557 1821 rixae
581 1795 616 1821 de
640 1804 730 1822 coena
752 1804 835 1822 sacra
858 1795 988 1822 Bremae.

341 1836 407 1864 Hoc
430 1847 506 1865 anno
525 1837 636 1874 scripsit
662 1837 847 1874 quaestiones
871 1838 906 1865 de
929 1835 1022 1878 λόγῳς
1056 1839 1090 1864 de
1114 1838 1286 1865 necessitate
1315 1846 1408 1864 novae
1437 1836 1636 1869 obedientiae3
1670 1836 1705 1863 de
1733 1836 1838 1863 officiis
1861 1836 2099 1871 niagistratuum5
2122 1834 2158 1861 ‹le

376 1879 555 1916 litigantibus
580 1880 609 1906 in
632 1880 695 1907 t'oro
719 1880 904 1908 admittendis
927 1881 963 1907 ad
987 1889 1105 1907 coenam
1125 1889 1245 1908 sacram.

993 2006 1145 2037 ANNO
1190 2006 1316 2036 1560.

344 2091 409 2118 Mel.
429 2090 575 2128 praefatur
598 2091 627 2117 in
651 2089 762 2128 Nysaei
786 2093 899 2121 tabulas
920 2093 1049 2121 locorum
1079 2094 1289 2126 communitum
1319 2094 1387 2121 item
1423 2094 1450 2120 in
1482 2092 1580 2120 Barth.
1611 2090 1807 2128 Georgiewitz
1841 2089 1943 2117 librum
1977 2090 2012 2117 de
2047 2089 2159 2126 origine

374 2134 488 2171 imperii
519 2133 690 2161 Turcarum.

341 2176 472 2214 Lipsiam
497 2177 697 2213 proficiscitur.

340 2218 460 2256 Lipsiae
486 2224 537 2247 est.

339 2260 448 2289 Iterum
472 2266 515 2290 est
534 2261 717 2298 Vitebergae.

341 2305 503 2332 Accusatus
527 2308 571 2332 est
594 2304 765 2332 Melanthon
789 2315 806 2332 a
834 2305 916 2333 Duce
940 2302 1110 2339 Wiirtemb„
1144 2305 1222 2342 quod
1246 2310 1365 2334 naturas
1389 2306 1417 2332 in
1440 2304 1558 2334 Christo
1581 2304 1705 2336 dirimat,
1738 2303 1774 2330 de
1798 2311 1854 2338 qua
1877 2311 1907 2329 re
1926 2300 2095 2329 Melanthon
2119 2301 2156 2328 ad

376 2356 440 2374 eum
464 2347 586 2384 scripsit.
633 2346 662 2374 Is
679 2348 757 2376 misit
771 2348 922 2376 formulam
942 2348 1091 2375 doctrinae
1114 2348 1150 2375 de
1173 2357 1264 2376 coena
1286 2357 1369 2376 sacra
1392 2349 1429 2376 ad
1450 2349 1613 2384 Augustum
1637 2345 1740 2380 Elect.‚
1775 2350 1806 2372 ut
1839 2344 2023 2372 exhiberetur
2044 2343 2156 2372 theolo-

375 2390 419 2426 gis
438 2389 585 2426 Viteberg.
610 2394 637 2417 et
658 2389 867 2428 Lipsiensibus⁷
890 2392 968 2428 quod
991 2394 1086 2418 autem
1111 2392 1262 2427 Augustus
1284 2400 1342 2419 non
1366 2390 1442 2418 fecit.
1488 2388 1546 2422 (Cf.
1567 2398 1630 2426 epp.
1655 2388 1680 2415 d.
1711 2388 1808 2416 1.-9.
1833 2386 1939 2423 Febr.)

341 2432 464 2459 Moritur
486 2431 660 2460 Franciscus
683 2433 929 2462 Burchardus.

343 2472 449 2502 Scribit
470 2474 651 2503 Melanthea:
679 2485 752 2512 „ego
775 2476 886 2512 patriae
909 2476 1042 2504 coelestis
1065 2476 1207 2504 desiderio
1230 2476 1356 2510 afficior,
1393 2481 1418 2503 et
1450 2476 1473 2503 si
1503 2474 1612 2502 diutius
1640 2474 1669 2500 in
1690 2473 1735 2501 his
1757 2472 1904 2501 aerumnis
1928 2471 2080 2499 vivendum
2099 2475 2154 2506 est,

376 2517 490 2554 longius
511 2517 613 2546 abesse
634 2527 679 2545 me
702 2519 738 2546 ab
761 2519 817 2546 hac
840 2519 970 2547 barbarie
993 2519 1143 2556 optarim.“

341 2559 466 2588 Ioannes
491 2560 631 2596 Agricola
652 2561 806 2595 contendit,
829 2560 990 2589 Ecclesiam
1014 2571 1071 2589 nou
1096 2570 1158 2590 esse
1177 2567 1290 2590 coetum
1314 2560 1463 2588 visibilem.
