2299 2921
129 111 192 143 317
327 111 366 144 11.
389 110 576 145 INDICES.
622 111 664 145 H.
698 111 839 144 INDEX
856 112 1055 146 EPISTOL.
1079 111 1193 146 PHIL.
1216 111 1319 145 MEL.
1341 111 1681 147 ALPHABETICUS
1704 113 1790 147 PER
1811 114 1953 149 INITIA.

131 207 333 243 Osiandro,
355 207 546 236 Andreae:

172 250 248 280 Cum
270 250 422 288 epistolam
442 254 531 279 tuam.
567 249 605 286 V,
625 249 675 280 82.

172 294 239 331 Ego
262 302 332 322 vero
365 297 393 321 et
423 293 517 321 habeo
541 292 593 321 tibi
616 293 756 330 gratiam,
787 298 815 323 et
837 294 943 323 debere
971 305 1018 325 me
1045 304 1112 333 pro-

214 336 307 364 fiteor.
342 335 395 371 VI,
420 335 490 364 213.

170 378 218 407 Ex
239 378 331 406 literis
353 378 415 406 Viti
437 378 645 406 intelleximus.
679 378 737 414 ΠΙ,
761 380 832 410 405.

170 422 219 450 Ex
241 421 303 449 Viti
325 421 418 449 literis
439 421 581 450 intellexi.
616 420 674 457 ΠΙ,
699 422 770 452 828.

169 464 238 493 Iure
262 463 433 502 expostulas
456 473 578 492 mecum.
609 464 663 500 IV,
689 465 780 494 1052.

169 508 301 536 Maxime
323 507 459 545 optarim,
478 516 542 536 nos.
578 507 649 543 VII,
673 508 744 538 779.

169 550 237 579 Nee
259 550 331 578 vidit
353 549 508 578 Lutherus.
539 550 577 585 V,
599 551 671 580 728.

169 593 242 622 Non
264 593 375 628 dubito,
400 593 470 630 quin
493 601 621 629 gravem.
656 592 726 628 VII,
750 593 823 623 228.

127 636 342 666 Othmanno
366 635 594 672 (Ortmann),
618 635 800 674 Casparo:

169 678 349 716 Exemplum
371 679 531 713 literarum,
554 687 628 716 quas
650 680 688 707 ad
710 678 859 709 Senatum.
894 678 950 716 IX,
975 680 1045 711 894.

169 722 330 751 Meministi
352 721 440 758 igitur
464 726 491 749 et
513 721 598 751 hanc.
632 722 688 758 VI,
712 723 783 753 826.

169 763 238 794 Scio
261 764 314 792 tibi
337 768 430 793 notas.
464 763 534 800 VH,
559 765 649 795 1050.

125 807 350 842 Othmanno,
375 806 558 844 Georgio:

168 850 308 879 Delector
332 859 417 878 versu
440 859 524 886 quem
549 854 586 878 ct.
610 849 650 886 X,
677 851 727 878 34.

168 893 273 922 Laudo
296 898 375 920 tuam
398 893 543 930 pietatem.
578 892 619 928 X,
644 894 693 922 35.

166 936 239 965 Non
263 935 364 964 dubito
387 939 417 965 te
440 940 570 964 naturae.
595 935 648 971 VI,
674 935 744 965 660.

124 978 255 1009 Ottoni
277 987 299 1007 s.
325 977 484 1013 Othoni,
506 979 693 1007 Antonio:

165 1022 294 1050 Mirabar
314 1030 389 1059 quae
414 1025 491 1050 esset
513 1030 609 1049 causa.
643 1019 701 1060 ΙΠ,
722 1021 793 1051 376.

165 1065 252 1093 Mitto
275 1064 327 1092 tibi
350 1064 512 1102 epistolam.
550 1062 603 1099 IV,
628 1063 700 1093 869.

124 1106 278 1142 Othoni,
302 1106 468 1135 Urbano:

163 1150 231 1188 Ego
253 1158 313 1177 non
335 1149 422 1177 iubeo
444 1157 594 1178 renovare.
629 1147 654 1184 I,
677 1148 749 1178 943.

121 1234 302 1264 Palatino
323 1234 495 1271 Principi
518 1233 664 1270 (Ottoni
686 1233 904 1271 Henrico?):

164 1277 311 1305 Fortassis
333 1277 389 1305 hoc
411 1286 512 1314 genus.
542 1275 596 1311 IV,
621 1276 692 1306 928.

120 1320 310 1349 Palladio:

165 1362 260 1392 Grata
283 1366 326 1390 est
346 1361 411 1390 Deo
432 1362 535 1399 pietas.
567 1360 624 1397 IX,
648 1362 698 1392 77.

119 1405 328 1439 Pannonio,
352 1402 643 1442 Christophoro:

162 1449 253 1486 Apud
276 1446 460 1476 Herodotum
482 1447 585 1484 inquit.
615 1447 653 1482 V,
678 1447 749 1476 289.

163 1490 337 1519 Aristoteles
358 1491 461 1527 inquit,
481 1488 542 1519 οὐκ.
577 1489 631 1525 VI,
655 1490 726 1519 703.

162 1534 215 1563 Bis
236 1534 273 1562 ad
295 1543 342 1562 me
365 1533 425 1561 filia
447 1543 522 1562 mea.
555 1533 594 1568 V,
619 1533 690 1562 665.

163 1576 323 1606 Cordatum
346 1576 544 1604 venerandum
568 1584 677 1604 senem.
711 1574 764 1612 VI,
791 1576 860 1607 107,

163 1618 237 1648 Cum
261 1620 309 1647 diu
332 1619 413 1646 nihil.
446 1618 514 1654 VII,
540 1618 610 1647 124.

161 1662 236 1691 Cum
260 1672 297 1690 ex
320 1662 378 1690 tuis
402 1662 502 1691 literis.
539 1660 597 1696 IX,
624 1661 715 1690 1090.

161 1703 236 1734 Cum
258 1705 386 1742 legerem
410 1708 499 1733 tuum.
535 1702 620 1739 VIII,
645 1704 717 1734 347.

160 1748 207 1777 De
230 1748 338 1777 Carolo
361 1747 437 1785 Imp.
461 1747 596 1775 leniente.
632 1746 685 1783 VI,
709 1747 780 1777 623.

161 1791 201 1819 Et
223 1791 316 1819 debeo
339 1795 366 1817 et
388 1791 482 1818 habeo
501 1807 551 1818 —.
574 1789 663 1818 Nunc
684 1790 766 1819 nihil.
800 1789 884 1827 VIII,
908 1791 978 1821 678.

161 1834 199 1862 Et
223 1843 277 1870 ego
299 1833 404 1861 iudico.
439 1832 492 1867 VI,
517 1833 588 1862 218.

161 1877 200 1904 Et
223 1886 281 1914 quo
302 1876 362 1904 fata
384 1876 508 1903 trahunt.
542 1875 580 1910 V,
605 1876 655 1905 85.

161 1919 226 1948 Etsi
249 1919 340 1947 multa
363 1919 539 1946 acciderunt.
575 1917 628 1953 VI,
654 1918 725 1948 188.

160 1961 390 1990 Franeofordiae
413 1962 448 1989 ad
470 1961 608 1989 Moenum
634 1961 701 1990 vidi.
736 1960 774 1996 V,
799 1962 870 1992 447.

162 2004 247 2033 Haec
267 2014 332 2033 cum
354 2004 511 2032 scriberem
533 2003 665 2032 tremula.
699 2003 785 2041 vm,
809 2005 859 2035 77.

160 2047 222 2076 Hic
244 2047 414 2076 tabellarius
437 2047 570 2075 mittitur.
602 2046 656 2082 VI,
682 2047 752 2077 118.

160 2089 260 2119 Hodie
282 2090 386 2126 scripsi
409 2088 526 2119 Sabino.
562 2089 616 2124 VI,
638 2090 710 2118 244.

161 2133 197 2161 In
219 2134 275 2162 hoc
297 2142 448 2162 concursu.
484 2133 522 2168 V,
545 2134 616 2162 701.

162 2175 277 2204 Laudat
298 2176 442 2204 Pindarus
465 2175 595 2204 Homeri.
629 2175 683 2210 VI,
708 2175 779 2205 625.

162 2217 266 2257 Laudo
289 2219 422 2256 equidem
446 2219 552 2246 studia.
582 2217 668 2253 VIII,
691 2218 763 2248 486.

162 2260 311 2290 Lucianus
334 2262 364 2289 in
386 2261 493 2290 libello.
529 2260 583 2297 VI,
608 2261 680 2290 229.

162 2305 288 2341 Magnae
309 2304 382 2332 mihi
403 2304 554 2341 voluptati.
588 2304 643 2338 VI,
668 2303 738 2332 538.

163 2347 264 2375 Malim
287 2347 323 2375 de
342 2348 451 2376 nostris
471 2347 583 2375 studiis.
618 2346 672 2382 VI,
697 2346 767 2375 674.

163 2390 250 2418 Mitto
273 2389 503 2428 qualemcunque
526 2399 578 2418 seu
600 2389 821 2428 praefationem.
854 2387 910 2427 IX,
934 2389 1006 2421 918.

163 2432 258 2461 Multa
280 2433 414 2470 exempla
436 2433 589 2462 humanae.
625 2432 710 2467 VIII,
735 2433 806 2462 313.

163 2475 275 2503 Multae
297 2484 400 2503 causae
421 2480 498 2509 sunt,
522 2484 581 2504 cur.
613 2475 668 2511 VI,
691 2475 763 2505 468.

163 2517 275 2546 Nescio
294 2518 364 2555 quid
386 2519 519 2548 scribam.
553 2517 607 2554 VI,
631 2519 702 2549 759.

163 2559 249 2589 Nihil
271 2561 376 2590 mirum
397 2566 442 2590 est
463 2562 493 2590 in
515 2565 604 2590 tauta.
638 2561 694 2597 V1,
718 2561 789 2591 671.

1206 208 1278 238 Non
1301 207 1419 237 dubium
1442 214 1495 245 est,
1518 207 1656 249 στοργάς.
1687 208 1756 245 VH,
1779 210 1850 240 612.

1206 251 1277 280 Non
1298 251 1481 290 reprehendo
1505 252 1648 289 equidem.
1678 252 1732 288 VI,
1756 253 1827 283 366.

1206 293 1341 323 Nuncius
1361 295 1444 323 testis
1467 303 1540 323 esse.
1575 294 1613 330 V,
1635 296 1708 325 540.

1205 337 1317 366 Paulus
1339 341 1438 366 noster
1461 347 1536 366 cum.
1569 337 1622 373 VI,
1647 339 1719 367 479.

1206 381 1278 409 Post
1301 385 1381 409 tuam
1403 382 1458 408 iter
1481 380 1633 418 quaedam.
1667 380 1736 416 VII,
1761 381 1833 411 440.

1206 422 1340 459 Quadam
1363 432 1416 462 spe
1438 424 1589 451 hactenus.
1622 422 1676 459 VI,
1702 423 1773 454 264.

1206 465 1292 501 Quod
1316 476 1385 495 cura
1407 470 1582 494 nostrorum.
1611 465 1665 500 VI,
1689 467 1759 497 197.

1205 508 1292 545 Quod
1315 510 1351 537 de
1372 518 1438 537 mea
1460 509 1529 537 vita.
1561 508 1648 545 VIII,
1668 510 1739 540 793.

1204 550 1283 587 Scio,
1307 557 1337 580 te
1359 552 1389 580 in
1411 551 1548 580 amicitia.
1583 552 1621 588 V,
1646 551 1718 581 802.

1204 593 1255 623 Sic
1276 595 1370 632 inquit
1392 593 1610 623 Naziancenus.
1644 594 1698 630 VI,
1723 595 1796 624 426.

1204 635 1307 666 Subito
1330 637 1513 666 scribendum
1533 642 1602 666 crat.
1636 636 1722 673 VIII,
1746 638 1796 667 28.

1204 680 1380 708 Theocritus
1401 680 1431 708 in
1454 680 1580 717 lugubri.
1616 679 1670 716 VI,
1694 681 1766 710 907.

1203 722 1247 751 Ut
1269 722 1414 760 colloquio
1437 727 1497 758 tuo,
1520 724 1545 751 si
1568 733 1634 752 una.
1666 722 1735 758 VII,
1760 722 1830 753 802.

1204 764 1246 794 Ut
1269 766 1382 793 veniam
1406 765 1456 793 des
1480 766 1627 794 brevitati.
1661 765 1716 801 VI,
1741 766 1812 796 698.

1204 807 1357 845 Vagantur
1378 817 1492 846 poenae
1514 808 1626 838 fatales.
1665 809 1750 844 VIII,
1777 809 1848 839 773.

1207 850 1301 880 Vetus
1325 851 1504 880 consuetudo
1528 856 1572 881 est
1592 852 1751 881 Ecclesiae.
1785 851 1840 887 VI,
1864 851 1935 881 634.

1203 893 1309 930 Video,
1333 898 1443 931 quanto
1465 894 1496 922 in
1518 894 1599 923 luctu
1622 896 1754 924 verseris.
1788 893 1858 931 VII,
1882 894 1953 924 683.

1202 936 1304 971 Vides,
1327 936 1422 974 qualis
1445 936 1483 964 sit
1504 937 1665 966 hominum.
1699 937 1754 973 IV,
1777 937 1848 967 826.

1202 978 1313 1007 Vidisti
1334 988 1416 1007 meas
1439 979 1613 1018 lachrymas.
1645 979 1713 1016 VII,
1738 981 1810 1010 430.

1207 1021 1310 1057 Τέττιξ
1332 1032 1387 1058 μεν
1404 1024 1520 1059 τέττιγι.
1556 1023 1593 1058 V,
1614 1024 1687 1053 849.

1158 1063 1291 1098 Paulo,
1314 1064 1539 1092 Benedicto:

1202 1106 1294 1135 Miror
1315 1106 1397 1134 vobis
1420 1106 1476 1135 hoc
1498 1111 1637 1145 tempore.
1672 1107 1713 1143 Π7
1737 1108 1808 1137 730.

1158 1149 1295 1184 Paulo,
1317 1143 1468 1190 Παύλῳτ

1200 1192 1308 1220 Totam
1332 1192 1408 1220 hanc
1428 1192 1668 1222 lucubrationem.
1702 1191 1771 1228 VII,
1798 1193 1889 1222 1055.

1157 1234 1393 1270 Paxmanno,
1416 1233 1597 1264 Henrico:

1201 1276 1263 1306 Oro
1285 1276 1381 1306 Deum
1403 1282 1555 1306 aeternum
1574 1296 1625 1306 —.
1648 1278 1717 1307 Misi
1738 1278 1830 1307 fratri.
1860 1277 1917 1314 IX,
1944 1276 2035 1307 1043.

1201 1320 1360 1349 Precemur
1381 1320 1472 1349 filium
1495 1320 1562 1349 Dei.
1598 1320 1652 1355 IX,
1675 1322 1748 1351 818.

1200 1361 1295 1401 Saepe
1317 1372 1437 1401 gemens
1459 1364 1582 1393 intueor.
1610 1363 1667 1399 IX,
1692 1365 1764 1394 907.

1200 1405 1315 1434 Scimus
1338 1411 1366 1434 et
1386 1407 1565 1435 necessarios
1588 1407 1749 1437 Ecclesiae.
1778 1406 1835 1443 IX,
1858 1408 1929 1437 900.

1156 1448 1331 1484 Perenio,
1354 1448 1483 1477 Petro:

1200 1490 1336 1521 Domine.
1371 1492 1530 1521 Multorum
1553 1493 1678 1522 animos.
1712 1493 1750 1528 V,
1775 1494 1846 1523 715.

1155 1534 1323 1570 Petreio,
1346 1534 1501 1563 Ioanni:

1198 1575 1272 1606 Cum
1295 1578 1331 1606 de
1353 1577 1525 1616 Republica.
1540 1578 1629 1614 .VII,
1651 1580 1723 1608 514.

1197 1620 1317 1649 Mallem
1341 1630 1439 1649 coram
1463 1621 1498 1649 de
1518 1620 1624 1650 multis.
1658 1621 1743 1657 VIII,
1766 1621 1816 1652 29.

1153 1663 1333 1699 Peucero,
1355 1663 1537 1701 Casparo:

1196 1707 1334 1736 Assiduis
1355 1707 1510 1744 gemitibus
1533 1707 1635 1736 filium.
1670 1706 1727 1742 IX,
1751 1708 1823 1737 446.

1197 1747 1272 1777 Cum
1295 1754 1413 1787 propter
1436 1750 1642 1779 venditionem.
1676 1750 1763 1786 VIII,
1788 1752 1859 1781 589.

1196 1791 1253 1820 Dei
1277 1792 1372 1822 benef.
1397 1793 1498 1820 vivunt
1519 1810 1565 1821 -—.
1590 1792 1656 1821 Hos
1681 1803 1754 1822 cum.
1786 1794 1870 1830 VIII,
1894 1794 1964 1826 266.

1196 1834 1262 1864 Deo
1285 1835 1405 1864 iuvante
1428 1836 1503 1864 istuc
1525 1827 1604 1864 intra
1627 1836 1765 1865 triduum.
1798 1837 1868 1873 VII,
1891 1841 1982 1871 1071.

1195 1877 1254 1906 Die
1277 1879 1415 1906 Mercurii
1436 1888 1528 1907 mane.
1562 1877 1618 1914 IX,
1642 1879 1712 1909 261.

1195 1919 1254 1949 Die
1278 1921 1329 1951 26.
1354 1920 1491 1950 Octobris
1513 1922 1600 1949 venit.
1632 1920 1717 1958 VIII,
1743 1923 1813 1953 880,

1196 1964 1293 1992 Etiam
1316 1964 1395 1992 filiae
1418 1968 1493 1993 tuae.
1528 1964 1597 1999 VII,
1622 1966 1692 1994 797.

1195 2007 1261 2035 Etsi
1283 2007 1370 2035 hodie
1392 2017 1488 2036 mane.
1522 2007 1590 2042 VII,
1617 2008 1708 2037 1162.

1196 2049 1304 2078 Filium
1327 2050 1386 2078 Dei
1408 2049 1568 2079 Dominum
1586 2066 1636 2078 ——.
1661 2050 1742 2079 Tuas
1765 2051 1874 2080 literas.
1910 2053 1977 2090 VII,
2001 2054 2072 2085 932.

2081 116 2147 151 318

1195 2091 1283 2121 Hanc
1304 2093 1455 2130 epistolam
1479 2093 1545 2121 dedi
1566 2092 1689 2122 Doctori
1711 2094 1904 2132 'subingensi.
1930 2096 2016 2133 VIII,
2041 2098 2114 2128 294.

1196 2135 1271 2164 Heri
1293 2136 1445 2164 tabellario
1467 2135 1690 2174 Noribergens-i.
1726 2137 1795 2171 VH,
1821 2139 1912 2169 1060.

1195 2177 1409 2216 Leucopetram
1433 2188 1498 2207 cum
1521 2179 1711 2210 venissemus.
1746 2180 1831 2216 VIII,
1857 2181 1927 2212 281.
1976 2195 1980 2198 ·

1195 2222 1357 2250 Meministi
1379 2232 1426 2250 me
1447 2231 1535 2259 saepe
1555 2222 1686 2250 recitare.
1721 2222 1775 2258 VI,
1800 2223 1871 2254 627.

1194 2263 1336 2293 Nondum
1359 2265 1396 2293 ad
1415 2273 1467 2293 vos
1486 2265 1673 2302 peculiarem.
1709 2265 1793 2301 VIII,
1815 2267 1886 2297 282.

1196 2306 1332 2336 Nuncius
1355 2307 1583 2345 Noribergensis
1606 2308 1711 2337 attulit.
1746 2308 1815 2346 VH,
1841 2310 1931 2341 1059.

1195 2349 1288 2379 Recte
1310 2360 1329 2378 a
1350 2350 1434 2379 vobis
1456 2350 1571 2379 facturn.
1605 2350 1675 2386 VH,
1704 2352 1795 2382 1066.

1195 2392 1329 2422 Sciebam
1352 2402 1403 2422 vos
1427 2398 1456 2422 et
1476 2393 1539 2422 iter.
1573 2392 1641 2429 VII,
1668 2395 1759 2425 1153.

1195 2434 1259 2464 Scis
1279 2436 1471 2474 Euripideum
1492 2436 1573 2465 illud.
1607 2435 1676 2473 VII,
1703 2437 1795 2467 1161.

1195 2477 1287 2517 Spero
1310 2479 1398 2507 hodie
1422 2488 1473 2508 vos
1495 2479 1652 2517 accepisse.
1688 2479 1757 2516 VII,
1783 2482 1875 2511 1154.

1195 2521 1278 2550 Tuae
1299 2522 1376 2550 filiae
1399 2521 1551 2550 desiderio.
1581 2521 1650 2560 VH,
1675 2524 1746 2553 940.

1194 2564 1411 2603 Typographus
1433 2564 1529 2601 hodie,
1552 2565 1637 2603 quod.
1668 2565 1738 2602 VII,
1763 2566 1854 2597 1032.
