2299 2921
154 114 220 146 379

241 209 312 240 Nec
336 208 431 239 nobis
462 207 612 249 displicet
641 207 784 239 definitio
811 207 929 237 vsitata
953 207 1067 237 dextre
1086 206 1132 236 in-
1155 207 1159 233 ἔ

155 250 305 289 tellecta,
336 252 512 282 Peccatum
547 251 683 292 originis
719 256 769 281 cst
805 250 953 280 carentia
984 249 1132 280 iusticiae

156 293 327 336 originalis
351 295 543 331 debitae‘33)
567 295 688 331 inesse,
714 293 789 333 quia
809 292 938 322 iusticia
961 289 1131 332 originalis

155 348 222 369 non
251 343 375 368 tantum
406 336 464 368 fuit
488 337 673 377 acceptatio
710 335 840 376 generis
864 334 995 365 humani
1020 344 1132 365 coram

155 381 229 418 deo,

155 430 276 461 niente,
291 416 355 464 {lua
363 422 495 453 firmiter
504 422 751 452 adsentiebatur
764 421 867 451 verbo
876 420 957 457 dei,¹⁵
967 422 996 457 ⁴)
1010 425 1041 450 et
1055 429 1132 450 con-

155 467 267 498 uersio
287 466 464 497 voluntatis
488 465 566 502 [fol.
582 465 642 494 14¹·
662 467 668 501 1
694 464 734 494 ad
761 465 870 499 deum,
895 469 925 493 et
946 462 1132 493 obedientia

156 510 265 540 cordis
279 518 466 550 congruens
491 518 564 538 cum
584 507 702 537 iudicio
727 505 811 547 legis
826 506 900 543 Dei,
924 515 1010 546 quae
1034 505 1133 535 menti

155 553 253 583 insita
276 557 355 582 erat.
388 551 439 581 Ac
457 550 577 581 fuisset
598 549 695 580 homo
716 547 874 589 templum
895 549 959 586 dei,
978 554 1013 578 vt
1036 553 1133 578 antea

155 596 275 626 dictum
299 601 360 624 est.

242 636 332 668 Haec
356 636 464 667 onmia
488 634 695 675 complexam
719 645 796 666 esse
812 634 976 665 iusticiam
995 633 1132 675 originis
1158 626 1159 629 Ἰ

155 686 263 722 potest
294 690 335 710 ex
369 679 434 710 hoc
464 679 552 709 dicto
582 677 729 719 intelligi.
776 677 882 708 Homo
908 676 1059 707 conditus
1083 681 1133 706 est

155 725 196 755 ad
221 723 396 764 Imaginem
434 728 465 753 et
491 720 735 753 similitudinem
766 721 830 758 dei,
864 719 953 761 quod
976 720 1133 759 interpre-

601 113 715 146 PHlL.
739 113 841 145 MEL.
865 112 1053 145 SCRIPTA
1076 111 1341 144 DOGMAthA
1363 112 1419 144 ET
1442 112 1711 145 SYMBOLtCA.

276 380 342 411 Sed
376 380 473 411 ctiam
507 380 538 409 in
572 381 643 419 ipsa
677 386 794 408 natura
824 377 991 408 hominum
1019 376 1076 407 lux
1099 376 1132 406 in
1157 395 1159 397 -

2096 112 2160 146 350

1184 206 1466 246 concupiscentia,
1499 205 1726 238 Discernimus
1755 214 1864 238 autem
1886 208 2103 248 adpetitiones
2126 209 2160 240 in

1156 248 1302 287 ssnatura
1337 250 1487 280 conditas
1521 260 1540 280 a
1574 249 1768 280 contusione
1801 251 1938 288 ordinis,
1971 262 2055 292 quae
2082 258 2160 292 post

1156 293 1159 328 ῐ
1183 289 1311 332 lapsum
1334 292 1488 324 accessit.
1528 292 1622 323 Sicut
1643 292 1755 324 lesem.
1782 293 1831 323 17.
1855 293 1982 332 dicitur,
2018 293 2160 326 Prauum

1156 330 1159 391 ὲ
1184 340 1234 364 est
1259 344 1317 365 cor
1338 333 1489 366 hominis.
1541 335 1582 366 Et
1606 334 1730 366 Paulus
1753 336 1874 377 inquit,
1898 336 2024 368 Sensus
2048 338 2158 369 carnis

1183 377 1348 409 inimicitia
1367 384 1419 409 est
1436 379 1599 409 aduersus
1629 379 1734 409 deum.
1781 378 1875 411 Hanc
1898 378 2016 410 malam
2039 390 2159 411 concu-

1156 402 1159 469 ι
1184 420 1377 460 piscentiam
1404 421 1540 452 dicimus
1569 431 1647 451 esse
1675 427 1857 461 peccatum,
1885 421 1926 452 Et
1948 422 2158 454 adfirmamus

1157 487 1158 493 ,
1183 462 1269 493 hanc
1292 470 1393 494 totam
1406 464 1587 495 doctrinam
1611 464 1652 494 de
1669 470 1819 504 peccato,
1843 465 1929 496 sicut
1950 466 1982 496 in
1998 464 2158 508 Ecclesijs

1183 507 1309 536 nostris
1334 506 1411 544 [fol.
1438 507 1522 544 16³]
1553 508 1744 548 proponitur
1772 514 1803 537 et
1823 507 2020 542 declaratur,
2044 519 2159 549 perpe-

1158 562 1159 566 *
1184 553 1274 579 tuum
1299 558 1374 580 esse
1399 559 1498 581 verae
1520 549 1694 581 Ecclesiae
1718 550 1770 581 dei
1795 560 2004 582 consensum.

1157 651 1160 701 1

1157 706 1161 755 1¹
1187 696 1235 728 De
1263 695 1452 729 remissione
1481 702 1685 741 peccatorum
1714 702 1746 730 et
1774 697 1812 730 de
1831 697 1885 741 ⁶⁹)
1919 697 2157 731 iustificatione.

155 773 243 798 tatur
272 764 398 796 Paulus
431 765 603 806 lnquiens,
642 764 768 795 Induite
803 773 924 794 nouum
958 762 1160 797 hominem‚·

156 810 210 851 qui
249 808 430 840 secundum
471 809 567 838 deum
603 814 735 838 creatus
770 812 821 836 est
861 806 892 835 in
927 805 1056 836 iusticia
1103 810 1135 835 et

156 852 329 883 sanctitate
354 861 443 888 vera,
466 851 522 881 vbi
546 857 636 881 certe
658 848 819 891 intelliget
849 848 1056 879 sanctitatem
1080 857 1134 877 ve·
1159 875 1161 886 ,

157 906 238 933 ram,
265 904 379 925 omnes
403 894 541 924 virtutes
565 892 730 935 fulgentes
754 892 784 922 in
808 898 926 922 nutura
949 896 1065 922 nostra
1089 890 1135 920 di·
1160 890 1162 928 Ξ

156 938 289 975 uinitus,
311 947 378 968 non
397 943 466 967 arte
488 937 652 974 adscitas,
677 942 733 967 aut
763 933 934 975 disciplina
965 943 1136 974 compara-

155 987 219 1018 tas,
242 987 275 1012 vt
298 990 385 1011 nunc
419 980 555 1011 vmbrae
588 980 758 1017 virtutum,
791 977 1038 1019 qualescunque
1061 982 1137 1006 sunt

156 1024 189 1055 in
212 1023 397 1054 hominibus
412 1023 632 1058 adscitae.⁰⁵)
668 1021 748 1053 Cum
771 1027 879 1052 autem
898 1020 1137 1056 consideratur,

157 1067 235 1109 quid
270 1066 434 1108 significet
469 1065 601 1096 lusticia
637 1063 837 1103 Originalis,
875 1063 993 1094 deinde
1026 1062 1134 1093 minus

158 1111 305 1141 obscura
329 1116 379 1139 est
404 1109 557 1149 opposita
580 1108 730 1148 priuatio.

246 1152 325 1190 ifol.
351 1152 436 1189 15³]
483 1151 542 1182 Est
576 1151 686 1192 itaque
719 1155 893 1191 peccatum
927 1148 1072 1189 Originis
1103 1153 1134 1178 et
1161 1164 1163 1171 π

158 1202 295 1237 propter
326 1194 456 1235 lapsum
489 1196 667 1235 primorum
702 1199 895 1234 parentum,
937 1197 968 1222 et
1000 1196 1162 1232 propter.

158 1240 245 1270 hanc
277 1238 543 1279 deprauationem
572 1247 656 1278 quae
680 1235 809 1276 lapsum
834 1241 950 1266 secuta
974 1241 1043 1271 est,
1079 1244 1134 1263 na-

159 1289 291 1313 scentes
323 1290 397 1311 rcos
422 1290 498 1311 esse
532 1282 601 1311 irae
631 1279 693 1313 dei,
719 1284 749 1309 et
774 1279 893 1319 dignos
923 1283 1058 1307 aeterna
1078 1277 1134 1306 da-

159 1326 338 1362 mnatione,
361 1323 423 1353 nisi
447 1323 504 1354 fiat
516 1322 668 1353 remissio
682 1327 818 1362 propter
830 1320 1054 1350 mediatorem.
1095 1318 1136 1348 Et

158 1367 242 1400 haec
273 1366 465 1407 deprauatio
496 1372 547 1397 est
576 1375 690 1397 carere
721 1366 784 1394 iam
814 1363 888 1394 luce
912 1363 1028 1399 dei‘ffl)
1052 1370 1136 1402 quae

159 1411 192 1442 in
211 1411 308 1442 nobis
342 1408 494 1440 fulsisset
506 1411 558 1445 67)
594 1414 624 1439 et
648 1413 698 1439 est
721 1407 853 1438 auersio
879 1404 1057 1436 voluntatis
1081 1414 1137 1435 no·
1164 1413 1165 1436 1

160 1459 250 1485 strae
274 1464 293 1484 a
324 1454 398 1490 deo,
431 1458 462 1483 et
487 1451 695 1483 contumacia
725 1450 835 1481 cordis
859 1458 1048 1490 repugnans
1071 1446 1138 1489 legi

160 1498 291 1533 mentis,
326 1503 359 1526 ut
390 1493 513 1526 Paulus
536 1493 692 1536 loquitur,
723 1493 763 1523 Et
786 1493 949 1523 hominem
972 1501 1037 1521 non
1062 1500 1139 1521 esse

161 1540 320 1581 templum
344 1539 407 1577 dei,
433 1538 500 1569 Sed
514 1539 666 1568 miseram
685 1546 827 1567 massam
841 1536 912 1566 sine
937 1535 998 1565 deo
1023 1541 1055 1565 et
1068 1534 1139 1564 sine

161 1583 301 1615 iusticia.

247 1626 320 1657 Hos
356 1624 507 1657 defectus
548 1629 580 1656 et
614 1624 701 1655 hanc
735 1628 837 1654 totam
872 1621 1140 1663 deprauationem
1167 1647 1168 1650 ,

163 1670 302 1701 dicimus
326 1679 402 1700 esse
425 1673 610 1709 peccatum,
635 1677 701 1698 non
724 1673 847 1698 tantum
861 1676 1000 1707 poenam
1013 1664 1142 1706 peccati

163 1719 195 1744 et
218 1723 287 1744 rem
310 1711 559 1749 indifferentem,
583 1711 667 1742 sicut
687 1708 778 1741 multi
791 1708 994 1749 sententiarij
1015 1707 1140 1745 dicunt,

163 1755 247 1787 haec
270 1754 357 1786 mala
379 1761 505 1786 tantum
527 1763 669 1794 poenam
692 1763 783 1791 esse,
815 1758 846 1784 et
869 1762 937 1782 rem
960 1750 1142 1782 indifferen-

163 1804 228 1830 tem
254 1798 332 1836 [fol.
358 1797 443 1835 l5b]
469 1803 501 1828 et
523 1807 588 1827 non
609 1803 794 1837 peccatum,
817 1795 858 1825 Et
876 1800 1054 1825 extenuant
1076 1802 1143 1824 ma-

163 1840 230 1873 lum
249 1841 406 1882 Originis,
430 1848 462 1871 et
487 1840 615 1881 fingunt
638 1845 754 1880 postea
776 1838 927 1869 homines
950 1846 1053 1878 posse
1077 1835 1144 1877 legi

165 1885 216 1916 dei
251 1882 461 1921 satisfacere,
496 1888 526 1914 ct
555 1883 689 1924 propria
715 1880 799 1923 legis
822 1879 1011 1922 impletione
1040 1880 1145 1909 iustos

163 1938 252 1959 esse.

250 1970 414 2001 Vitandae
448 1974 525 2000 sunt
548 1968 581 1999 in
599 1966 752 1999 Ecclesia
775 1966 1025 2007 ambiguitates,
1067 1964 1144 1995 ldeo

165 2023 326 2055 expresse
349 2012 557 2043 nominamus
570 2010 653 2043 haec
666 2009 753 2041 mala
766 2009 1046 2050 deprauafionem,
1060 2017 1145 2049 quae

165 2067 246 2098 sepe
274 2056 462 2088 nominatur
492 2055 534 2086 ab
564 2054 706 2096 antiquis
740 2053 1024 2094 scriptoribusffi)
1058 2048 1145 2081 mala

168 2196 214 2227 63)
235 2194 346 2226 debitae]
375 2197 431 2218 ante
453 2192 515 2217 Ιιαηε
539 2200 620 2217 vocem
639 2190 721 2215 scriba
744 2191 892 2222 scripserat:
912 2197 965 2213 non
985 2190 1084 2212 tantum
1104 2187 1147 2212 sed

237 2230 296 2253 haec
315 2229 391 2252 Ιίΐιινὰ
411 2228 490 2252 deleta
508 2230 571 2251 sunt.

168 2273 215 2305 64)
235 2272 428 2297 adsentiebatur
446 2270 524 2294 verbo
545 2268 607 2300 dei‚]
632 2269 668 2292 sic
692 2268 753 2291 Mel.
779 2267 913 2292 emendavit
938 2266 1012 2291 verba
1037 2265 1145 2290 scribae:

236 2307 360 2331 adsentiri
378 2306 458 2329 verbo
479 2305 521 2329 dei
541 2308 653 2336 poterat,
673 2310 735 2335 quae
752 2303 778 2325 in
797 2309 866 2325 omn,
886 2302 969 2325 Editt.
990 2301 1111 2333 lequntur.

168 2351 214 2382 65)
234 2349 368 2381 adscitae]
388 2349 437 2372 Ed.
457 2348 495 2371 6.:
516 2348 620 2371 ascitae.
644 2347 704 2377 quia
729 2349 789 2369 tune
812 2345 883 2369 Deus
908 2344 1028 2368 habitans
1052 2345 1078 2367 in
1101 2343 1146 2367 ho-

237 2385 304 2408 mine
323 2384 431 2408 rexisset
450 2390 516 2406 eum.

170 2427 216 2459 66)
235 2428 292 2451 luce
312 2426 366 2458 dei]
387 2427 424 2450 sic
443 2426 508 2450 Cod.
530 2430 550 2449 et
569 2425 649 2448 Editt.
673 2423 747 2447 1—3.
767 2424 806 2452 8.;
829 2426 888 2447 cett.
909 2422 999 2446 Editt.:
1028 2422 1084 2445 luce
1105 2421 1147 2444 dei
1172 2446 1175 2450 Α

239 2469 283 2485 sen
301 2462 447 2492 praesentia
466 2461 518 2489 dei,

170 2504 217 2535 67)
236 2503 368 2535 fulsisset]
387 2504 435 2528 Ed.
456 2503 494 2527 7.:
514 2503 612 2531 fuisset,

171 2548 217 2577 68)
237 2548 383 2570 nominatur
405 2546 436 2570 ab
455 2546 568 2577 antiquis
587 2542 766 2576 scriptoribus]
791 2543 869 2567 Editt.
891 2541 965 2567 1—3.
986 2542 1024 2565 Β..
1053 2541 1085 2565 ab
1105 2548 1149 2565 an·
1174 2540 1175 2568 ἶ

240 2583 317 2613 tiquis
338 2581 507 2612 scriptoribus
527 2580 676 2603 nominatur

1159 796 1161 822 ἱ
1272 795 1406 826 Dictum
1436 802 1487 826 est
1509 806 1611 836 supra
1633 795 1695 827 has
1719 798 1967 829 controuersias
1996 798 2163 839 pertinere

1187 839 1228 870 ad
1252 838 1503 879 explicationem
1536 839 1674 870 duorum
1697 839 1910 871 articulorum
1942 839 2162 882 syniboli‚⁷⁰)

1188 882 1287 912 credo
1312 882 1539 912 remissionem
1562 888 1786 922 peccatorum,
1809 888 1841 914 et
1864 884 1964 914 credo
1978 882 2164 915 Ecclesiam

1160 936 1161 944 ¹
1189 930 1336 955 sanctam
1369 923 1583 956 catholicam.
1631 925 1701 955 Nec
1731 925 1771 956 de
1796 926 1896 957 rebus
1919 935 1987 956 non
2009 935 2164 957 necessa-

1161 978 1163 1003 i
1189 968 1252 1009 rijs
1275 973 1334 999 aut
1355 965 1490 999 leuibus
1515 968 1664 999 dicimus.
1699 967 1842 1000 Maxime
1860 969 2088 1000 necessarium
2113 974 2165 1000 est
2192 968 2195 970 ’

1161 1010 1163 1032 ²
1188 1011 1220 1042 in
1244 1009 1396 1042 Ecclesia
1418 1017 1509 1042 recte
1530 1011 1670 1051 proponi
1694 1011 1875 1042 doctrinam
1899 1012 1940 1042 de
1961 1019 2113 1053 peccato,
2131 1017 2166 1043 et

1160 1057 1163 1086 i
1188 1053 1338 1095 intelligi,
1362 1053 1439 1094 quid
1469 1054 1511 1084 sit
1534 1059 1723 1095 peccatum,
1752 1060 1783 1085 et
1807 1055 1955 1095 conspici
1989 1054 2166 1086 discrimen

1160 1093 1163 1137 ξ
1187 1097 1272 1128 inter
1295 1097 1414 1127 iudicia
1437 1096 1569 1137 politica
1593 1102 1624 1127 et
1646 1097 1799 1128 iudicium
1823 1098 1886 1128 dei.

1276 1138 1357 1170 Cum
1398 1146 1506 1170 autem
1544 1149 1610 1170 non
1641 1146 1732 1171 recte
1760 1141 1937 1171 ostendant
1969 1140 2166 1182 aduersarij,

1188 1183 1265 1224 quid
1289 1183 1329 1213 sit
1359 1188 1544 1222 peccatum,
1577 1188 1613 1213 vt
1645 1183 1708 1213 iam
1738 1183 1858 1215 dictum
1881 1189 1948 1222 est,
1972 1182 2167 1214 confirmant

1188 1224 1308 1256 malam
1336 1226 1546 1256 securitatem
1580 1225 1613 1255 in
1645 1225 1832 1257 hominibus
1863 1232 1893 1257 et
1917 1225 2038 1257 multas
2061 1224 2167 1258 falsas

1188 1277 1373 1308 opiniones.

1162 1306 1164 1344 ζ
1277 1310 1355 1348 [fol.
1382 1309 1465 1347 160]
1514 1310 1634 1341 Postea
1648 1310 1744 1341 etiam
1757 1310 1834 1351 quid
1857 1316 1909 1341 est
1931 1311 2056 1342 tristius
2070 1320 2168 1351 quam

1188 1353 1254 1385 hoc
1273 1363 1434 1384 summum
1454 1353 1662 1390 beneficium,
1697 1352 1937 1384 Remissionem
1955 1359 2169 1394 peccatorum

1190 1402 1222 1428 et
1254 1396 1482 1428 liberationem
1512 1406 1532 1427 a
1563 1394 1671 1427 Morte
1704 1401 1851 1432 aeterna,
1885 1395 1939 1427 vel
1974 1397 2168 1434 obscurare,

1191 1438 1245 1471 vel
1267 1439 1444 1480 ignorare?
1473 1437 1622 1479 Cumque
1645 1449 1707 1469 nec
1730 1439 1906 1470 discrimen
1937 1440 1979 1470 sit
2002 1440 2085 1470 inter
2107 1437 2170 1469 Ec-

1193 1481 1327 1514 clesiam
1352 1488 1383 1513 et
1406 1481 1490 1513 alios
1514 1481 1662 1512 homines
1686 1482 1829 1512 extincta
1852 1480 1927 1512 luce
1957 1482 1998 1512 de
2026 1482 2170 1522 gratuita

1191 1526 1385 1557 remissione
1419 1531 1629 1566 peccatorum
1657 1530 1794 1565 propter
1827 1523 1926 1555 filium
1960 1530 1991 1555 et
2023 1525 2063 1554 de
2091 1523 2168 1562 fide,

1192 1579 1258 1611 qua
1280 1569 1386 1610 accipi
1419 1568 1708 1604 remissionem71)
1731 1572 1876 1607 oportet,
1898 1577 1961 1597 nec
1984 1566 2170 1598 consolatio

1193 1613 1236 1643 sit
1274 1611 1397 1650 alia72)
1429 1610 1602 1642 retrahens
1632 1619 1694 1641 nos
1726 1619 1766 1640 ex
1799 1615 1906 1640 morte
1936 1616 2083 1647 aeterna,
2108 1618 2171 1640 nec

1168 1663 1169 1696 ᾗ
1193 1655 1363 1687 Inuocatio
1399 1664 1477 1685 vcra
1507 1654 1579 1684 sine
1609 1653 1674 1684 hac
1699 1652 1930 1683 consolatione
1959 1651 2031 1683 fieri
2053 1652 2172 1693 possit,

1168 1697 1170 1740 i
1195 1704 1226 1730 et
1250 1699 1331 1730 deus
1355 1698 1427 1738 ipse
1450 1696 1549 1727 toties
1572 1696 1778 1737 praeceperit
1802 1695 1907 1726 audiri
1930 1693 2042 1733 filium,
2063 1700 2094 1725 et
2117 1705 2172 1726 cu·

1168 1741 1171 1773 1
1195 1742 1310 1773 stodiri
1338 1738 1568 1781 Euangelium,
1602 1740 1689 1780 quod
1714 1744 1764 1769 est
1793 1738 1974 1769 mirandum
1994 1738 2173 1775 decretum,

1168 1781 1172 1813 l
1194 1783 1361 1825 prolatum
1380 1793 1421 1813 ex
1433 1792 1555 1813 arcano
1577 1781 1715 1813 consilio
1730 1781 1917 1820 diuinitatis,
1937 1792 2010 1812 cum
2023 1781 2172 1822 ignotum

1197 1833 1286 1859 esset
1310 1827 1461 1857 omnibus
1486 1825 1656 1862 creatu1·iS‚
1682 1824 1761 1863 [fol.
1789 1825 1873 1863 17³]
1898 1825 2036 1855 maxime
2056 1833 2174 1854 neces-

1195 1871 1319 1901 sarium
1342 1875 1392 1900 est
1415 1878 1527 1899 veram
1551 1868 1592 1898 de
1615 1868 1810 1899 remissione
1834 1867 2015 1898 doctrinam
2038 1866 2174 1898 retineri

1197 1914 1433 1953 incorruptam.

1285 1956 1351 1987 Sed
1387 1954 1537 1986 omnibus
1572 1953 1735 1985 aetatibus
1769 1953 1846 1983 inde
1879 1962 1985 1994 usque
2019 1962 2038 1982 a
2060 1951 2174 1992 primis

1198 2000 1345 2041 patribus
1370 2007 1508 2039 sparsae
1530 2002 1607 2028 sunt
1635 1996 1833 2037 praestigiae
1856 2006 1876 2027 a
1894 1994 2035 2026 diabolis
2060 2000 2177 2026 contra

1197 2052 1310 2074 veram
1345 2041 1528 2072 doctrinam
1564 2040 1603 2071 de
1638 2038 1704 2071 filio
1740 2039 1803 2077 dei,
1831 2039 2024 2079 praesertim
2055 2038 2087 2068 in
2110 2036 2176 2068 hoc

1197 2083 1438 2126 articulo‚q11as
1452 2085 1503 2121 73)
1517 2088 1625 2114 tamen
1638 2082 1779 2113 subinde
1793 2081 1947 2113 refutauit
1959 2082 2039 2112 deus
2052 2080 2175 2111 excita-

1197 2129 1240 2160 tis
1264 2137 1379 2159 rursus
1413 2126 1509 2158 bonis·
1545 2126 1749 2164 doctoribus,
1768 2134 1809 2156 ne
1847 2123 1993 2155 funditus
2028 2122 2176 2154 interiret

1171 2175 1174 2202 ἰ
1196 2170 1361 2203 Ecclesia.

1171 2262 1175 2288 ί

1199 2333 1246 2366 69)
1267 2332 1309 2364 de]
1328 2333 1354 2356 in
1373 2333 1454 2357 Editt.
1477 2333 1551 2356 1—3.
1572 2333 1595 2356 8.
1615 2331 1688 2356 deest.

1201 2378 1245 2408 70)
1266 2376 1386 2408 symboli]
1405 2375 1468 2401 hanc
1491 2383 1584 2404 vocem,
1609 2382 1679 2406 quam
1699 2380 1786 2398 omnes
1806 2373 1888 2396 Editt.
1915 2371 2040 2400 exhibent,
2065 2370 2127 2394 Mei.
2151 2369 2178 2393 in

1268 2419 1347 2442 mar-9.
1368 2411 1467 2443 scripsit
1482 2418 1530 2442 pro
1549 2417 1607 2434 voce
1625 2408 1687 2432 fidei
1706 2407 1737 2432 ab
1756 2408 1809 2440 ipso
1834 2407 1928 2439 deleta,
1950 2414 2021 2439 quam
2044 2404 2128 2430 scriba
2152 2405 2179 2428 in

1172 2451 1175 2468 ι
1269 2448 1382 2470 contextu
1401 2446 1544 2477 scripserat.
1803 2444 1805 2446 ’

1173 2472 1176 2529 i
1201 2489 1247 2520 71)
1267 2489 1346 2520 accipi
1365 2486 1554 2518 remissionem]
1573 2486 1654 2510 Editt.
1673 2486 1698 2509 4.
1717 2485 1756 2509 6.:
1776 2485 1952 2509 remissionem
1971 2483 2053 2514 accipi

1201 2531 1247 2563 72)
1267 2533 1301 2555 sit
1319 2530 1380 2563 alia]
1400 2532 1436 2555 sic
1455 2530 1520 2555 Cod.
1541 2533 1563 2555 et
1582 2529 1662 2554 Editt.
1685 2529 1759 2552 1—3.
1779 2529 1818 2558 8.;
1838 2531 1896 2551 cett.
1916 2527 2011 2550 Editm
2030 2526 2083 2549 alia
2100 2524 2132 2548 sit

1173 2571 1177 2598 i
1202 2575 1248 2606 73)
1268 2574 1342 2606 quas]
1364 2575 1400 2598 sic
1420 2574 1486 2598 Cod.
1507 2576 1529 2598 et
1548 2572 1597 2596 Ed.
1617 2572 1656 2601 6.;
1677 2576 1737 2597 cett.
1758 2571 1854 2596 Editt.:
1874 2577 1938 2601 quos
