2299 2921
125 98 189 130 2⁷7

169 194 370 224 certissimum
394 197 446 229 est,
469 193 607 222 homines.
631 193 700 228 VH,
726 194 796 223 536.

169 237 286 266 Clariss.
311 237 372 265 viro
395 236 432 265 D.
457 236 597 265 Miliehio.
622 236 704 271 VIII,
731 237 779 265 35.

168 280 264 309 Credo
287 280 367 318 pium
389 283 419 306 et
439 278 519 306 utile.
543 278 610 313 VII,
635 279 705 308 412.

169 323 244 352 Cum
262 327 330 350 ante
352 322 500 350 octiduum
524 321 718 358 Witebergae.
742 321 809 356 ΥΠ,
832 322 921 352 1138.

168 366 241 395 Cum
261 365 338 402 apud
358 364 527 402 Euripidem
550 364 690 393 Theseus.
712 363 764 399 VI,
788 365 859 394 557.

168 408 242 437 Cum
264 408 341 436 filius
359 406 416 434 Dei
439 406 592 436 Dominus.
617 407 653 441 V,
679 408 749 436 468.

168 450 242 479 Cum
265 451 327 478 heri
345 450 434 477 frater
453 449 486 478 C.
510 450 545 478 V.
569 449 637 485 VII,
658 450 728 478 592.

167 493 242 523 Cum
265 494 326 521 heri
349 493 476 529 Torgam
499 493 652 521 venissem.
677 491 742 526 VII,
770 493 858 522 1047.

167 536 241 565 Cum
263 537 309 564 hic
332 536 463 564 nuntiata
484 540 536 564 est.
559 535 596 569 V,
620 535 690 564 698.

168 579 241 608 Cum
265 580 321 607 huc
342 587 475 606 reversus
497 595 548 605 —.
572 576 764 614 Scripserunt.
786 577 839 613 VI,
864 579 934 607 445.

166 622 240 651 Cum
264 623 321 650 huc
343 629 475 649 reversus
499 637 548 648 -.
571 619 638 648 Sed.
663 620 714 655 VI,
740 621 811 650 445.

165 664 240 694 Cum
263 665 320 692 huc
342 664 490 692 venissent
508 662 656 691 Pastores.
681 662 750 698 VH,
775 663 845 693 806.

165 707 240 737 Cum
261 707 393 744 Lipsiam
412 715 555 735 reversus.
578 705 646 741 VH,
667 707 737 735 508.

165 751 240 780 Cum
262 750 458 786 Noribergam
481 749 670 777 venissemus.
694 748 762 783 ΥΠ,
786 750 857 778 931.

1119 498 1126 778 ——-——-——

164 792 239 821 Cum
257 797 323 830 post
344 793 468 820 reditum
492 801 528 819 ex
551 791 712 829 Babylone.
736 791 805 827 VII,
832 793 922 822 1119.

163 835 239 864 Cum
261 836 388 864 sciamus
411 834 630 872 praedictiones.
656 834 708 869 VI,
731 835 802 864 566.

163 878 210 907 De
234 882 378 906 conventu
403 877 614 906 wormacensi.
635 876 690 913 ΙΙΙ,
716 878 806 906 1097.

163 921 211 950 De
229 921 347 958 publica
369 920 559 949 absolutione.
584 920 621 954 V,
645 921 715 949 871.

162 964 357 992 Decreveram
381 973 473 1000 nuper
491 963 529 990 ad
551 962 585 991 O.
606 963 643 992 V.
670 962 724 997 111,
744 963 794 991 45.

162 1006 229 1035 Deo
252 1007 370 1035 iuvante
393 1015 574 1042 componam.
597 1005 650 1040 VI,
675 1006 746 1034 905.

163 1049 311 1078 Describit
330 1050 406 1077 curis
428 1048 559 1085 publicis.
583 1048 635 1082 VI,
660 1048 731 1076 507.

162 1091 220 1121 Die
247 1093 292 1121 10.
319 1091 447 1119 Ianuarii
470 1095 497 1118 et
518 1099 582 1127 ege.
606 1089 675 1125 VII,
699 1090 770 1119 908.

162 1135 220 1163 Die
241 1134 326 1162 XIII.
350 1133 509 1167 Februarii,
531 1142 597 1169 quo.
623 1132 676 1171 VI,
701 1134 771 1162 810.

161 1177 374 1206 Difficillimam
398 1184 460 1203 esse
482 1175 734 1212 gubernationem.
759 1175 812 1211 VI,
835 1176 906 1204 454.

163 1219 324 1248 Doctrinae
347 1218 442 1247 studia
465 1219 558 1247 laetis.
584 1218 635 1253 VI,
660 1219 731 1247 750.

161 1262 200 1290 Et
218 1263 311 1291 debeo
331 1267 359 1289 et
382 1261 475 1289 habeo
498 1261 620 1297 gratiam
639 1259 671 1288 C.
694 1261 730 1289 V.
754 1271 807 1298 pro
830 1262 915 1290 edita.
939 1261 1021 1297 VIII,
1042 1264 1091 1293 95.

162 1305 200 1333 Et
222 1305 263 1332 fui
287 1314 393 1341 magno
415 1304 445 1331 in
469 1304 578 1332 dolore.
601 1303 669 1339 VII,
696 1304 764 1333 185.

162 1347 226 1375 Etsi
246 1348 345 1375 deerat
363 1347 434 1374 mihi
456 1351 666 1383 argumentum.
690 1346 730 1381 H,
750 1347 820 1376 599.

161 1389 225 1419 Etsi
246 1391 277 1418 in
300 1391 402 1418 itinere
423 1399 491 1418 non.
516 1388 583 1424 VII,
609 1389 680 1418 467.

160 1433 225 1461 Etsi
247 1434 277 1460 in
299 1433 386 1460 tantis
410 1433 611 1469 Imperiorum.
635 1432 705 1467 ΥΙΙ,
732 1432 823 1461 1053.

160 1474 225 1503 Etsi
248 1476 277 1503 in
301 1476 389 1503 tantis
411 1475 589 1503 tumultibus.
614 1475 650 1510 V,
673 1477 741 1504 179.

159 1518 223 1546 Etsi
245 1519 426 1546 institueram
450 1518 631 1546 concionem.
656 1518 706 1553 VI,
732 1519 802 1548 836.

159 1560 225 1589 Etsi
248 1562 376 1589 maxime
398 1561 559 1597 cupiebam.
583 1560 651 1595 VlI,
677 1561 725 1590 91.

160 1603 225 1632 Etsi
248 1604 318 1632 mihi
339 1604 456 1641 optima.
482 1603 533 1637 VI,
559 1603 628 1632 282.

160 1646 226 1675 Etsi
248 1647 339 1674 multa
361 1656 447 1675 nunc.
472 1646 540 1680 VII,
568 1647 636 1675 136.

160 1688 225 1717 Etsi
248 1689 354 1717 multae
377 1698 481 1727 graves
504 1698 617 1717 causae.
643 1687 711 1723 VII,
736 1689 809 1719 873.

160 1731 225 1760 Etsi
248 1732 356 1761 multae
377 1742 423 1760 me
446 1741 549 1761 causae
572 1732 629 1759 hic.
650 1731 719 1766 VII,
746 1733 815 1761 140.

160 1773 225 1802 Etsi
246 1775 370 1812 optarim
392 1784 451 1802 non
474 1784 545 1803 esse.
568 1773 637 1809 ΥΠ,
660 1775 731 1803 856.

159 1816 226 1845 Etsi
249 1825 334 1853 spero
357 1816 389 1845 C.
413 1817 448 1845 V.
471 1818 627 1854 accepisse.
652 1816 720 1852 ΥΠ,
742 1818 811 1847 604.
1118 1832 1123 1868 Ι

160 1858 224 1887 Etsi
248 1864 333 1888 vetus
356 1860 464 1887 dictum
487 1864 538 1888 est.
563 1860 629 1893 VII,
654 1861 724 1889 980.

160 1900 208 1929 Ex
231 1902 387 1930 multorum
410 1903 511 1931 literis.
534 1903 570 1937 V,
594 1903 664 1932 425.

160 1943 306 1973 Existimo
331 1946 421 1973 virum
445 1946 672 1982 integerrimum.
698 1945 749 1981 VI,
775 1947 844 1977 899.

159 1985 307 2024 Exposuit
329 1988 399 2015 mihi
422 1988 567 2017 mandata.
591 1988 642 2023 VI,
664 1988 734 2018 689.

160 2029 251 2058 Extat
272 2031 351 2068 apud
374 2031 535 2059 Platonem.
558 2030 612 2065 VI,
632 2031 702 2061 582.

160 2071 216 2100 Fui
239 2073 407 2110 aliquandiu
429 2077 597 2111 occupatus.
622 2074 675 2109 VI,
703 2075 770 2104 170.
1038 2079 1046 2086 “

160 2113 276 2144 Fuisset
296 2116 449 2144 honestum
471 2117 556 2145 mitti.
580 2116 648 2152 VII,
673 2117 744 2146 964.

160 2157 230 2186 Fuit
251 2159 370 2188 omnino
393 2160 511 2187 laetitia.
534 2159 602 2194 VII,
627 2159 697 2189 624.

163 2198 282 2229 Gratias
305 2211 360 2238 ago
384 2202 417 2231 (J.
443 2202 479 2230 V.
503 2203 588 2239 quod.
609 2202 649 2237 ΙΙ,
675 2203 744 2232 780.

161 2241 280 2272 Gratia-s
301 2253 356 2280 ago
380 2244 444 2272 Deo
468 2249 598 2274 aeterno.
623 2245 676 2280 VI,
701 2246 772 2275 751.

162 2283 285 2314 Gratum
307 2285 373 2314 Deo
396 2287 450 2316 fuit
471 2288 608 2317 officium.
634 2288 688 2323 ΠΙ,
713 2288 784 2317 867.

163 2327 326 2366 Gregorius
348 2329 554 2359 Nazianzenus
577 2332 741 2359 diaconum.
766 2331 850 2367 VHI,
875 2331 923 2361 64.

161 2370 228 2399 Hae
250 2376 335 2399 nocte
356 2372 432 2400 inter
453 2374 586 2410 gemitus.
610 2373 679 2409 VII,
704 2375 774 2404 603.

161 2412 235 2441 Heri
255 2415 291 2442 ad
314 2424 359 2442 me
382 2416 514 2452 epistola.
539 2416 590 2451 VI,
615 2417 685 2446 394.

162 2455 236 2484 Heri
259 2466 295 2484 ex
319 2457 623 2487 Francofordensibus.
645 2459 701 2494 HI,
727 2460 816 2489 1096.

162 2498 235 2526 Heri
257 2499 323 2528 hine
345 2501 430 2528 rediit
451 2500 590 2538 Lipsiam.
614 2502 665 2537 VI,
690 2503 760 2531 942.

162 2541 236 2569 Heri
259 2542 388 2580 Lipsiam
413 2544 479 2572 veni
503 2549 629 2573 vocatus.
655 2545 724 2580 VII,
749 2546 820 2575 505.
1114 2535 1120 2571 l

305 98 342 129 u.
376 97 561 130 INDICES.
608 97 648 129 H.
683 96 823 128 INDEX
841 96 1038 130 EPISTOL.
1064 96 1177 130 PHlL.
1201 95 1304 128 MEL.
1326 96 1665 130 ALPHABETICUS
1691 99 1774 131 PER
1797 101 1938 133 ΙΝΙΤῙΑ.

2068 102 2135 134 278

1199 191 1275 221 Heri
1297 192 1397 221 literas
1421 202 1458 220 ex
1481 192 1548 220 aula
1570 195 1677 231 accepi.
1703 195 1771 229 VH,
1796 196 1868 226 869.

1197 235 1346 264 Hesterna
1368 235 1455 263 lectio
1478 235 1640 273 Evangelii.
1665 236 1732 272 VII,
1756 239 1826 268 511.

1196 278 1255 307 Hic
1278 278 1447 306 adolescens
1470 277 1652 307 Laurentius.
1676 279 1745 315 VII,
1770 281 1841 310 569.

1195 321 1255 350 Hic
1279 320 1425 358 Georgius
1447 318 1480 349 C.
1503 321 1539 349 V.
1560 326 1655 350 notus.
1678 322 1746 357 VII,
1769 324 1840 353 517.

1185 364 1254 396 Hic
1274 364 1314 393 M.
1337 364 1476 392 Thomas.
1499 364 1537 398 V,
1562 365 1632 394 877.

1194 407 1261 436 Hoc
1283 416 1360 435 anno
1384 406 1545 435 celebratur
1569 406 1693 435 Pascha.
1717 407 1769 443 VI,
1795 408 1866 437 500.

1194 449 1261 478 Hoc
1279 459 1357 478 anno
1377 450 1494 478 doctum
1517 454 1552 478 et.
1575 449 1631 485 ΠΙ,
1655 451 1727 480 848.

1194 492 1283 521 Hunc
1304 492 1489 520 tabellarium
1511 497 1647 522 vestrum.
1670 492 1725 529 HI,
1751 494 1821 523 645.

1194 535 1257 563 Iam
1277 537 1343 563 veni
1363 534 1505 572 Lipsiam.
1528 536 1579 569 VI,
1605 536 1677 565 922.

1194 579 1242 613 Sd)
1266 579 1327 614 follt
1347 578 1422 615 tinig
1443 579 1476 607 (ξ’.
1497 578 1528 611 53⁴.
1549 579 1587 608 Θ.
1611 578 1664 614 ΥΙ,
1688 579 1758 608 618.

1193 621 1227 649 In
1250 621 1330 649 aditu
1354 620 1506 648 Bavariae.
1528 621 1581 656 IV,
1610 622 1677 650 187.

1192 663 1227 691 In
1250 663 1385 692 Ecclesia
1402 663 1432 691 in
1451 661 1599 692 Comitatu
1622 663 1842 694 Mansfeldensi.
1868 663 1920 699 VI,
1946 664 2017 694 699.

1192 708 1227 735 In
1249 706 1365 734 Psalmo
1390 706 1440 735 47.
1466 707 1615 744 scriptum.
1639 706 1707 741 VII,
1732 707 1803 736 388.

1191 749 1227 777 In
1249 749 1419 777 recitatione
1441 749 1598 778 doctrinae.
1622 749 1708 783 ΥΠΙ,
1732 749 1782 779 42.

1191 792 1281 820 Initio
1305 791 1442 829 colloquii
1464 793 1637 829 propositus.
1660 793 1713 827 IV,
1737 792 1809 822 328.

1191 835 1308 863 Institui
1327 834 1553 872 propositiones,
1577 844 1660 872 quae.
1684 834 1769 871 VIII,
1795 836 1864 865 154.

1190 877 1292 906 Iudico
1316 877 1350 906 C.
1374 877 1410 905 V.
1433 882 1509 905 recte
1532 878 1635 906 facere.
1662 877 1728 913 VH,
1754 878 1825 907 535.

1190 920 1322 958 Lipsiam
1345 929 1410 948 cum
1433 920 1577 948 venissem
1600 921 1646 948 die
1670 920 1720 950 22.
1744 921 1881 957 Augusti.
1905 920 1974 956 VII,
2001 922 2091 951 1055.

1190 962 1304 991 Literas
1325 963 1362 990 ad
1384 972 1430 990 me
1452 963 1584 1000 scriptas.
1608 963 1661 997 VI,
1688 964 1759 993 391.

1190 1006 1300 1042 Magna
1322 1005 1415 1042 pietas
1438 1010 1483 1033 est
1506 1010 1535 1033 et
1554 1005 1628 1034 Deo.
1651 1005 1692 1041 Χ,
1718 1007 1767 1035 10.

1189 1048 1298 1084 Magno
1317 1047 1347 1075 iu
1369 1047 1470 1076 dolore
1492 1057 1564 1077 sum.
1589 1048 1643 1083 VI,
1668 1049 1740 1078 317.

1189 1090 1370 1127 Magnopere
1393 1090 1520 1126 colloqui
1543 1100 1607 1119 eum
1630 1090 1663 1120 C.
1688 1091 1724 1119 V.
1748 1090 1819 1126 VH,
1845 1091 1935 1121 1051.

1189 1133 1285 1161 Meam
1308 1133 1475 1170 opinionem
1498 1134 1534 1161 de
1556 1134 1685 1171 negotio.
1709 1133 1779 1169 VII,
1803 1134 1875 1162 437.

1189 1176 1375 1204 Mediocriter
1397 1176 1426 1202 in
1445 1176 1490 1203 his
1513 1177 1690 1212 regionibus
1715 1176 1785 1211 VII,
1804 1177 1877 1205 319.

1189 1219 1310 1246 Memini
1330 1218 1445 1246 dolores
1468 1223 1588 1253 vestros,
1608 1228 1690 1256 quos
1714 1219 1783 1254 ΥΙΙ,
1810 1219 1900 1246 1016.

1189 1261 1311 1289 Memini
1334 1261 1427 1289 virum
1451 1261 1641 1290 excellentem
1664 1262 1790 1299 iugenio.
1816 1261 1870 1296 VI,
1890 1261 1961 1291 322.

1189 1304 1323 1332 Meminit
1340 1303 1374 1333 C.
1399 1304 1437 1332 V.
1460 1305 1609 1341 proximae
1627 1305 1785 1333 concionis.
1810 1303 1880 1339 VII,
1905 1305 1977 1334 658.

1189 1347 1257 1375 Misi
1280 1347 1429 1384 proprium
1452 1347 1644 1377 tabellarium.
1670 1347 1739 1383 VII,
1766 1348 1856 1377 1105.

1189 1390 1274 1417 Mitto
1297 1388 1330 1418 C.
1356 1390 1392 1418 V.
1415 1387 1631 1425 Calendarium,
1655 1390 1817 1418 collectum.
1841 1389 1910 1426 VII,
1935 1390 2006 1420 589.

1189 1432 1274 1461 Mitto
1298 1432 1330 1461 C.
1350 1432 1386 1460 V.
1410 1432 1561 1469 epistolam
1584 1434 1630 1462 ad.
1656 1433 1734 1468 VII,
1752 1433 1819 1462 169.

1190 1475 1274 1504 Mitto
1297 1475 1330 1504 C.
1354 1476 1390 1505 V.
1416 1476 1583 1513 exemplum
1606 1476 1799 1505 refutationis.
1823 1475 1876 1511 VI⁷
1902 1476 1973 1505 919.

1189 1518 1274 1547 Mitto
1297 1518 1330 1547 C.
1356 1518 1391 1548 V.
1417 1518 1582 1555 exemplum
1606 1519 1843 1548 wormaciensis.
1866 1519 1919 1555 IV,
1946 1520 2014 1549 113.

1189 1562 1274 1589 Mitto
1297 1560 1331 1589 C.
1357 1561 1393 1590 V.
1413 1562 1582 1591 orationem.
1606 1562 1675 1597 VII,
1702 1562 1771 1591 166.

1190 1605 1283 1632 Multa
1301 1605 1436 1632 accidunt
1459 1605 1590 1641 singulis.
1615 1605 1668 1639 VI,
1693 1605 1764 1633 482.

1189 1647 1254 1676 Nec
1277 1652 1344 1675 ante
1364 1657 1481 1676 annum.
1502 1647 1557 1683 VI,
1582 1647 1652 1676 425.

1189 1690 1255 1719 Nec
1278 1690 1425 1718 oblivione
1447 1691 1562 1718 accidit.
1586 1690 1638 1725 VI,
1663 1691 1734 1719 692.

1189 1733 1260 1762 Non
1279 1733 1380 1761 dubito
1403 1731 1436 1761 C.
1460 1733 1496 1761 V.
1520 1734 1627 1761 habere
1648 1733 1684 1761 de
1707 1733 1833 1770 Republ.
1856 1732 1926 1769 ΥΠ,
1947 1733 2018 1763 440.

1188 1776 1259 1805 Non
1282 1776 1382 1804 dubito
1405 1776 1475 1813 quin
1498 1786 1644 1813 magnum.
1671 1776 1724 1811 IV,
1749 1777 1820 1805 833.

1188 1819 1260 1847 Non
1283 1819 1393 1855 dubito⁷
1418 1819 1487 1856 quin
1510 1824 1541 1846 ut
1565 1820 1697 1856 quisque.
1722 1819 1777 1853 ΠΙ,
1798 1820 1868 1848 710.

1188 1861 1259 1890 Non
1282 1862 1393 1896 dubito,
1416 1870 1469 1889 vos
1492 1863 1521 1889 in
1545 1862 1600 1891 his.
1626 1862 1696 1897 VII,
1724 1863 1813 1891 1130.

1188 1905 1259 1933 Non
1282 1905 1358 1932 idem
1376 1904 1453 1932 valet
1474 1905 1576 1933 oratio.
1600 1904 1652 1939 VI,
1676 1905 1747 1933 673.

1188 1947 1259 1976 Non
1283 1953 1341 1975 tam
1364 1957 1429 1975 mea
1452 1957 1548 1976 causa.
1573 1947 1642 1983 VII,
1667 1948 1737 1976 338.

1188 1990 1330 2019 Nondum
1354 1990 1466 2019 absolvi
1489 1991 1627 2027 scriptum
1651 1991 1686 2018 dc
1709 1990 1851 2019 Stancari.
1876 1989 1962 2026 VIH,
1986 1991 2036 2019 29.

1188 2033 1358 2071 Optandum
1381 2034 1497 2070 quidem
1522 2038 1607 2068 esset,
1631 2032 1664 2062 C.
1687 2033 1723 2062 V.
1747 2042 1872 2062 manere.
1895 2032 1966 2070 VII,
1993 2034 2062 2063 184.

1188 2076 1266 2113 Opto
1289 2081 1320 2104 ut
1338 2077 1392 2104 iter
1410 2076 1481 2104 viro.
1506 2076 1576 2111 VII,
1599 2076 1670 2105 857.

1188 2119 1358 2148 Orationem
1382 2119 1464 2147 mitto
1487 2119 1523 2147 de
1547 2119 1625 2147 dicto
1649 2118 1743 2147 Pauli.
1767 2118 1836 2153 VH,
1862 2119 1933 2148 416.

1187 2161 1248 2191 Oro
1272 2162 1422 2191 domiuum
1444 2166 1574 2190 nostrum
1597 2178 1647 2190 —.
1672 2162 1774 2190 Valde.
1798 2161 1854 2196 ΙΠ,
1879 2162 1950 2191 948.

1188 2204 1249 2233 Oro
1271 2205 1362 2233 filium
1385 2204 1443 2232 Dei
1466 2221 1516 2232 —.
1538 2204 1668 2232 Doctori.
1692 2204 1761 2239 VII,
1787 2204 1859 2233 356.

1187 2248 1340 2276 Praeclare
1363 2247 1432 2275 facit
1455 2246 1487 2275 C.
1512 2247 1546 2274 V.
1570 2247 1656 2283 quod.
1678 2246 1733 2282 ΠΙ,
1758 2248 1829 2275 604.

1186 2291 1336 2328 Principes
1359 2289 1556 2326 Hennebergii
1579 2290 1717 2317 iudicare.
1740 2289 1809 2325 VH,
1834 2290 1925 2319 1090.

1186 2333 1361 2371 Priusquam
1384 2333 1419 2360 de
1443 2332 1568 2369 querela.
1591 2332 1645 2367 ΙΠ,
1671 2333 1762 2362 1082.

1187 2375 1269 2412 Quae
1290 2377 1321 2404 in
1344 2375 1476 2413 epistola,
1499 2384 1584 2411 quam
1606 2376 1766 2412 composui.
1790 2374 1859 2410 VII,
1885 2375 1954 2405 159.

1186 2419 1295 2455 Quales
1314 2423 1381 2447 sunt
1403 2419 1462 2446 iam
1486 2418 1599 2446 fluetus.
1623 2417 1692 2452 VII,
1717 2419 1789 2447 752.

1186 2461 1282 2497 Quam
1306 2462 1402 2490 tristes
1424 2460 1618 2488 confusiones.
1642 2460 1713 2495 VII.
1737 2461 1808 2490 642.

1186 2503 1273 2540 Quod
1296 2505 1329 2534 C.
1353 2503 1388 2532 T.
1414 2503 1571 2531 clementer
1594 2508 1623 2531 et
1645 2503 1775 2540 benigue.
1800 2502 1857 2538 III,
1883 2503 1954 2533 598.

1187 2548 1273 2583 Quod
1296 2548 1380 2575 faust.
1405 2550 1431 2573 et
1453 2546 1523 2574 felix
1542 2547 1587 2581 sit,
1611 2547 1665 2574 iter
1686 2547 1846 2584 ingressus.
1870 2546 1924 2582 VI,
1949 2547 2020 2576 598.

1754 2604 1796 2630 S.
