2299 2921
123 111 166 144 91

775 111 964 144 PHILIPPI
985 111 1304 146 MELANTHONIS
1328 113 1489 146 OPERA.
2094 117 2138 151 92

125 208 195 237 Mai.
238 208 287 236 25.
311 207 465 236 Mauritius
488 206 560 236 Dux
582 206 652 237 Sax.
675 208 754 236 venit
776 207 980 235 Ratisbonam.

124 423 189 452 Iun.

121 893 178 923 Iul.

121 1280 198 1318 Aug.

121 1407 201 1447 Sept.

122 1622 187 1652 Oct.

122 1879 154 1909 N
156 1890 201 1910 ον.

240 251 290 281 26.

244 295 293 323 31.

266 424 292 451 1.

262 466 290 493 3.

239 552 287 579 13.

240 594 288 623 16.

241 637 290 664 20.

239 807 289 836 21.

236 850 285 879 25.

239 894 286 922 10.

239 937 286 964 15.

241 1021 292 1050 20.

312 250 390 279 Frid.
411 249 570 288 Staphylus
594 251 812 278 commendatur
835 250 966 284 Alberto,
990 249 1068 277 Duei
1090 249 1191 278 Pruss.

316 294 405 321 Mittit
426 294 556 331 pagellas
579 294 614 321 de
637 302 775 321 consessu
794 293 877 319 tertio
899 290 1010 329 Synodi
1027 292 1158 321 Trident.

314 337 411 365 Habet
434 336 555 364 tutelam
578 336 734 364 liberorum
757 334 929 370 Lutheri,
958 335 1039 363 cuius
1062 335 1168 363 viduae
1191 335 1331 375 Princeps
1353 336 1472 367 Elector
1493 338 1551 368 duo
1573 339 1664 368 millia
1687 348 1842 369 aureorum
1864 340 1954 369 donat
1976 341 2013 369 ad
2040 351 2132 370 emen-

349 380 415 407 dum
440 379 569 407 fundum.

316 422 469 450 Praefatur
494 422 524 449 in
545 421 580 450 T.
606 420 644 448 II.
668 429 788 458 operum
811 420 933 448 Lutheri
955 420 1121 450 latinorum.

315 464 420 493 Scribit
444 465 564 492 latinam
585 463 799 491 recusationem
823 463 938 491 concilii
959 462 1133 492 Tridentini.

314 508 403 536 Mittit
426 506 555 543 Georgio
579 506 740 534 Anhaltino
763 506 925 534 orationem
945 506 1126 544 synodalem.

311 550 430 587 Lipsiae
454 554 497 577 est
520 549 597 586 apud
619 547 829 576 Camerarium.
869 579 872 583 ,

312 593 416 630 Legati
440 592 667 620 Protestantium
690 591 870 620 Ratisbonae
892 589 1049 619 Caesarem
1068 592 1187 627 adeunt,
1212 596 1241 620 et
1263 592 1449 622 sciscitantur
1471 594 1507 622 de
1529 600 1671 632 apparatu
1693 595 1807 624 bellico.

314 636 468 663 Mauritius
491 634 562 662 Dux
583 635 705 662 discedit
729 644 765 662 cx
788 634 922 662 comitiis.

313 679 385 706 Item
410 678 561 706 discedunt
584 677 810 706 Protestantium
835 676 934 714 legati,
958 676 1030 704 alius
1053 681 1120 714 post
1143 677 1243 705 alium.

312 721 381 749 Mel.
411 720 540 758 queritur
563 721 599 748 de
619 720 750 758 parergis
773 719 878 758 quibus
900 719 969 747 aula
990 729 1054 759 eum
1078 724 1187 748 onerat.
1235 718 1391 758 „Saepius,
1413 721 1522 759 inquit,
1546 731 1713 760 quanquam
1736 732 1842 759 senex,
1866 724 1903 752 de
1924 723 1994 762 fuga
2018 724 2132 762 eogim

346 764 398 792 sed
419 764 499 791 brevi
522 763 653 792 fortassis
672 772 750 791 mors
772 763 923 800 abrumpet
943 762 994 790 has
1016 763 1131 800 ineptas
1154 763 1392 800 occupationes.“

312 806 454 835 Civitates
478 805 656 834 Germaniae
680 806 839 844 superioris
861 815 941 833 arma
964 806 1092 843 capiunt.

308 850 479 877 Melanthon
503 850 561 877 iam
584 858 754 886 persuasum
779 848 875 883 habet,
899 849 1002 886 ingens
1025 848 1132 876 bellum
1156 849 1262 885 parari.

311 893 380 921 Mel.
404 893 508 920 iterum
533 892 591 919 edit
614 892 734 920 Lutheri
758 891 905 928 Qut-muta
926 900 960 920 an
979 892 1048 927 [eine
1066 891 1132 920 Hebe
1151 890 1310 928 &eutichem
1333 891 1514 929 praefatione
1535 892 1642 920 addita.

311 936 464 963 Publicum
489 935 627 972 scriptum
649 935 888 969 Protestantium,
912 944 969 971 quo
992 934 1150 969 declarant,
1174 935 1281 962 bellum
1305 934 1340 962 ab
1364 933 1544 972 Imperatore
1564 935 1715 973 religionis
1738 939 1850 964 tantum
1874 945 1962 964 causa
1978 937 2094 975 suscipi.

310 979 395 1015 Papa
415 978 539 1012 ordinat,
563 983 594 1005 ut
616 987 718 1015 preces
740 978 874 1015 publicae
897 977 968 1005 fiant
992 986 1044 1015 pro
1071 978 1269 1014 exstirpandis
1293 978 1458 1006 haereticis.

316 1020 388 1049 Dux
411 1019 559 1049 Saxoniae
582 1027 610 1049 et
632 1020 835 1057 Landgravius
856 1020 983 1048 Hassiae
1007 1020 1130 1057 publicis
1152 1020 1256 1049 litteris
1279 1021 1500 1058 proscribuntur
1523 1021 1558 1048 ab
1582 1020 1771 1058 Imperatore.

310 1064 420 1093 Rector
442 1064 621 1092 Academiae
643 1063 792 1101 Viteberg.
815 1064 975 1092 annunciat
998 1063 1191 1099 scholasticis,
1212 1064 1285 1101 ipsis
1307 1063 1407 1099 licere,
1430 1064 1456 1092 si
1479 1064 1578 1099 velint,
1602 1073 1640 1092 ex
1663 1064 1825 1092 Academia
1842 1063 1992 1092 discedere
2014 1069 2131 1103 propter

343 1108 497 1136 imminens
520 1107 639 1135 bellum.

279 1171 286 1180 .
308 1151 480 1179 Melanthon
502 1150 652 1182 invitatur,
676 1153 717 1182 ut,
742 1149 766 1176 si
789 1149 897 1176 bellum
920 1149 1039 1186 propius
1063 1149 1193 1183 accedat,
1215 1157 1247 1177 se
1267 1148 1397 1176 conferat
1418 1148 1601 1177 Northusam
1623 1150 1660 1177 ad
1681 1149 1904 1186 Meienburgum
1927 1150 2088 1180 consulem.

281 1215 288 1222 .
311 1193 380 1222 Mel.
404 1193 536 1221 hortatur
558 1193 760 1226 scholasticos,
783 1196 815 1220 ut
838 1192 883 1220 vel
904 1192 935 1219 in
958 1201 1040 1219 suam
1064 1192 1187 1228 quisque
1208 1191 1333 1229 patriam
1353 1191 1399 1219 vel
1422 1192 1452 1219 in
1471 1192 1529 1220 alia
1550 1192 1617 1220 loca
1639 1192 1843 1230 tranquilliora
1865 1193 2024 1221 discedant.

280 1259 286 1266 .
310 1235 480 1264 Camerario
503 1236 604 1264 scribit
628 1236 697 1272 quid
720 1238 832 1263 metuat
854 1238 987 1272 speretve
1009 1235 1045 1262 de
1068 1234 1153 1262 bello.

283 1303 289 1309 .
311 1279 383 1307 Dux
402 1279 549 1308 Saxoniae
568 1279 688 1307 Elector
712 1283 739 1305 et
762 1277 964 1314 Landgravius
989 1276 1116 1304 Hassiae
1136 1276 1308 1313 Imperatori
1327 1276 1444 1311 bellum,
1468 1277 1565 1305 missis
1588 1277 1702 1312 litteris,
1725 1277 1867 1305 indicunt.

311 1322 395 1360 (Mel.
420 1322 450 1349 in
471 1321 605 1350 omnibus
625 1321 756 1359 epistolis
775 1321 812 1348 ad
833 1320 942 1348 amicos
961 1319 1071 1352 scribit,
1092 1324 1232 1357 quantum
1252 1319 1383 1347 dolorem
1401 1319 1543 1357 suscipiat
1562 1328 1600 1347 ex
1619 1319 1694 1348 bello
1716 1320 1842 1357 primum
1859 1324 2005 1358 suscepto,
2029 1320 2134 1349 deinde

345 1365 473 1402 segniter
491 1366 596 1401 gesto.)

280 1429 287 1436 .
311 1407 380 1436 Edit
404 1408 591 1436 collationem
614 1407 760 1435 actionum
780 1406 940 1434 forensium
962 1405 1128 1433 Atticarum
1153 1409 1181 1433 et
1204 1404 1414 1433 Romanarum.

281 1472 287 1479 .
311 1451 501 1489 Respondent
524 1450 667 1487 Princeps
690 1449 809 1477 Elector
832 1453 860 1476 et
882 1448 1087 1485 Landgravius
1112 1448 1149 1476 ad
1171 1448 1301 1476 tabulam
1323 1447 1556 1486 proscriptionis.

280 1517 287 1524 .
311 1494 399 1529 Aula,
419 1498 450 1522 ut
468 1494 630 1521 Academia
652 1493 779 1527 secedat,
803 1492 882 1529 quod
900 1491 1072 1519 Melanthon
1091 1496 1225 1527 recusat,
1246 1501 1284 1519 ne
1305 1491 1441 1519 maledici
1464 1491 1572 1526 dicant,
1593 1490 1725 1519 doctores
1743 1500 1820 1519 nunc
1838 1490 1948 1528 fugere.
1966 1507 2009 1511 --
2026 1491 2133 1520 Adhuc

346 1542 389 1565 est
412 1537 574 1574 frequentia
597 1536 762 1564 auditorum
784 1535 815 1563 in
840 1535 1011 1563 Academia.

311 1580 418 1608 Milites
442 1581 472 1607 in
493 1579 616 1607 Lusatia
639 1579 824 1616 colliguntur,
848 1578 977 1606 invasuri
1001 1576 1172 1612 Saxoniam,
1198 1586 1288 1614 quare
1310 1576 1478 1605 scholastici
1501 1576 1694 1604 dimittuntur.

279 1644 285 1651 .
312 1623 547 1651 Deliberationes
569 1623 604 1650 de
628 1631 699 1659 pace
724 1631 789 1650 cum
812 1620 938 1649 Caesare
955 1620 1088 1648 facienda
1111 1624 1178 1648 sunt
1197 1620 1228 1648 in
1252 1618 1366 1648 Castris
1389 1619 1626 1647 Foederatorum.

282 1691 287 1696 .
313 1666 472 1694 Nuntiatur
496 1665 603 1702 palam,
626 1665 795 1693 Mauritium
819 1664 933 1692 Ducem
956 1673 1037 1691 arma
1061 1673 1165 1701 capere
1189 1667 1291 1691 contra
1312 1662 1477 1699 Principem
1500 1662 1674 1690 Electorem.

283 1731 289 1737 .
313 1709 403 1737 Mittit
422 1708 554 1746 Georgio
578 1708 738 1736 Anhaltino
758 1707 918 1735 orationem
940 1707 1120 1744 synodicam.
1149 1705 1279 1734 Dimittit
1296 1706 1373 1733 filios
1392 1705 1574 1742 Mcicnburgi
1593 1714 1630 1732 ex
1642 1704 1812 1740 Academia,
1830 1708 1862 1732 ut
1874 1704 1991 1733 domum
2002 1704 2130 1733 redeant.

283 1775 289 1780 .
313 1752 524 1787 Ferdinandus,
547 1751 615 1779 Rex
637 1751 807 1786 Bohcmiae,
831 1750 939 1778 bellum
960 1750 1062 1777 indicit
1084 1749 1162 1777 Duci
1185 1748 1253 1777 Sax.
1276 1748 1412 1776 Electori.

280 1816 287 1823 .
312 1795 464 1822 Mauritius
487 1795 559 1822 Dux
583 1793 654 1822 Sax.
678 1794 816 1827 declarat,
840 1802 871 1821 se
891 1798 984 1820 terras
1007 1793 1153 1829 Principis
1174 1792 1319 1820 Electoris
1342 1794 1548 1828 occupaturum
1572 1799 1646 1819 esse.

284 1858 290 1865 .
316 1838 482 1866 Ioachimus
506 1837 615 1865 March.
641 1837 733 1864 Elect.
758 1836 940 1864 Melanthoni
963 1835 1123 1873 hospitium
1147 1835 1299 1869 obtulerat,
1323 1834 1370 1862 cui
1392 1834 1502 1872 gratias
1525 1833 1595 1870 agit.

281 1903 287 1909 .
312 1881 442 1908 Exardet
465 1880 572 1907 bellum
594 1880 625 1907 in
647 1880 713 1917 ripa
737 1879 832 1913 Albis,
855 1879 1013 1916 dissipatur
1036 1877 1143 1906 Schola
1167 1877 1392 1914 Vitebergensis.
1438 1877 1523 1904 Multi
1545 1885 1576 1904 se
1599 1876 1753 1904 conferunt
1776 1876 2018 1913 Magdeburgum.

281 1944 288 1951 .
311 1922 417 1951 Scribit
437 1933 518 1951 suam
538 1923 722 1957 sententiam,
743 1932 780 1949 an
798 1922 883 1949 liceat
901 1921 1023 1949 subditis
1040 1921 1169 1949 Mauritii
1180 1930 1260 1948 arma
1273 1929 1376 1957 capere
1387 1920 1423 1948 ad
1436 1919 1659 1957 opprimendum
1670 1919 1719 1948 Pr.
1732 1919 1898 1948 Electorem
1910 1923 1940 1947 et
1950 1919 2130 1957 religionem.

283 1988 289 1994 .
313 1965 420 1995 Schola
443 1976 460 1994 a
479 1966 604 1993 Rectore
627 1965 815 1999 Academiae,
838 1969 956 2002 propter
978 1968 1086 1992 metum
1109 1964 1270 1992 obsidionis
1288 1963 1378 1998 urbis,
1401 1963 1563 1990 dimittitur.

282 2031 288 2037 .
312 2009 431 2037 Initium
454 2009 541 2046 fugae
564 2008 828 2045 Vitebergensium.
874 2007 1014 2035 Decrevit
1034 2007 1101 2035 Mel.
1124 2007 1261 2035 secedere
1283 2004 1456 2034 Serv-estam.

314 2051 445 2089 Georgio
467 2051 644 2086 Anhaltino,
673 2060 726 2088 pro
749 2060 821 2088 pace
844 2054 959 2085 acturo,
983 2050 1083 2078 scribit
1106 2049 1211 2086 quibus
1234 2049 1394 2077 rationibus
1413 2048 1568 2076 Mauritius
1587 2047 1659 2076 Dux
1682 2048 1845 2085 permoveri
1867 2047 1974 2085 possit,
1997 2052 2029 2076 ut
2051 2048 2133 2076 Vite-

349 2095 456 2132 bergae
474 2099 613 2132 parceret.
644 2094 767 2122 Accedit
785 2094 931 2121 exercitus
948 2092 1064 2121 hostilis
1082 2093 1120 2120 ad
1138 2092 1238 2120 urbem
1260 2097 1288 2120 et
1306 2091 1484 2120 deditionem
1502 2091 1640 2129 postulat.
1674 2091 1756 2128 (vid.
1769 2100 1815 2129 ep.
1827 2091 1856 2120 d.
1874 2092 1921 2119 10.
1932 2090 2009 2119 Nov.
2026 2091 2131 2126 1547.)

282 2160 288 2167 .
313 2138 382 2166 Mel.
407 2148 437 2166 sc
460 2138 572 2166 confert
591 2135 765 2165 Servestam.

283 2201 290 2208 .
314 2180 476 2209 Dessaviae
499 2180 598 2208 scribit
621 2189 703 2208 suam
727 2178 911 2214 sententiam,
935 2187 972 2206 an
994 2186 1096 2215 preces
1118 2178 1254 2216 publicae
1276 2187 1328 2215 pro
1349 2175 1476 2205 Caesare
1494 2177 1524 2205 in
1545 2176 1686 2205 Ecclesiis
1704 2176 1768 2205 fieri
1790 2176 1922 2205 debeant.

286 2243 292 2250 .
317 2224 408 2251 Mittit
429 2224 553 2261 paginas
574 2223 649 2250 libro
672 2223 763 2250 Menii
786 2228 838 2252 bon
858 2222 903 2251 bet
922 2221 1084 2258 fflotbmebr,
1109 2222 1188 2259 quod
1210 2221 1387 2258 Vitebergae
1410 2220 1616 2256 excudebatur,
1639 2220 1796 2248 addendas.

283 2289 290 2296 .
313 2267 367 2294 Est
390 2265 552 2301 Servestae,
575 2275 629 2293 nec
651 2265 713 2293 vult
736 2274 800 2293 cum
823 2264 888 2292 aliis
911 2264 1090 2292 Doctoribus
1113 2264 1344 2302 Magdeburgum
1367 2263 1455 2292 abire.

284 2331 290 2337 .
315 2308 436 2338 Gratias
459 2310 519 2346 agit
540 2308 661 2338 Senatui
684 2307 901 2342 Brunsvicensi,
925 2307 974 2344 qui
998 2308 1024 2334 ei
1048 2307 1207 2346 hospitium
1230 2307 1386 2336 obtulerat.

283 2374 290 2382 .
314 2352 482 2380 Flacium
507 2352 697 2390 Illyricum
720 2351 903 2379 commendat
925 2349 1064 2378 Medlero.

282 2418 288 2425 .
313 2395 461 2431 Queritur,
485 2396 563 2433 quod
586 2394 659 2422 nihil
682 2395 746 2422 sani
769 2393 883 2422 consilii
905 2394 941 2421 sit
963 2393 992 2420 in
1016 2393 1084 2421 aula
1107 2393 1262 2428 Electoris,
1286 2397 1314 2420 et
1337 2392 1416 2430 cupit
1436 2391 1556 2421 omnino
1574 2391 1693 2420 liberari
1715 2390 1752 2419 ab
1775 2390 1851 2419 aula.

314 2438 502 2475 Pfeffingero,
525 2437 663 2475 theologo
681 2437 774 2474 Lips.,
795 2436 895 2464 scribit
916 2436 1063 2474 quomodo
1085 2436 1190 2464 debeat
1212 2436 1322 2464 versari
1344 2436 1375 2464 in
1397 2436 1454 2464 hoc
1476 2434 1563 2463 bello.

282 2502 289 2509 .
312 2481 555 2518 Baumgartnero,
580 2481 629 2518 qui
654 2481 680 2508 ei
699 2480 844 2508 obtulerat
866 2479 1033 2516 hospitium,
1056 2479 1165 2515 gratias
1184 2479 1253 2516 agit.

283 2550 289 2555 ,
314 2524 382 2552 Mel.
405 2533 436 2552 se
459 2524 571 2553 confert
590 2523 829 2560 Magdeburgum,
853 2522 902 2550 ubi
925 2526 1120 2550 commoratus
1142 2526 1186 2550 est
1207 2531 1300 2560 usque
1321 2521 1359 2550 ad
1382 2521 1408 2549 d.
1431 2521 1486 2550 VI.
1508 2519 1580 2549 Dec.

283 2588 290 2595 .
313 2567 476 2602 Mauritius,
500 2567 579 2602 Dux,
603 2571 647 2595 est
669 2566 699 2594 in
721 2566 828 2604 oppido
847 2565 1007 2602 Kemberg.
