2299 2921
170 127 212 159 57

173 223 251 259 Aug.
315 222 341 250 7.

276 272 290 292 s
332 287 338 293 .

225 265 260 293 17
292 273 338 334 qq.
360 306 420 334 Iter
442 305 604 341 ingreditur
626 305 656 332 in
679 304 886 339 Palatinatmn,
911 305 986 332 unde
1009 305 1096 332 rediit
1120 303 1307 340 Vitebergam
1330 311 1430 331 mense
1454 300 1627 330 Novembri.

172 348 256 387 Sept.
309 351 335 380 1.

292 392 338 420 10.

289 476 337 505 12.

288 518 336 547 23.

287 561 335 592 24.

174 647 239 677 Oct.
290 649 336 677 15.

290 734 337 762 17.

290 776 338 804 22.

288 819 336 846 30.

174 988 204 1017 N
207 998 250 1017 ov.

287 1459 336 1486 28.

286 1501 335 1528 30.

173 1542 245 1572 Dec.
311 1544 337 1570 1.

286 1631 333 1657 11.

292 1673 338 1700 16.

176 2102 236 2131 Ian.
320 2105 346 2130 1.

291 2273 325 2301 ‘²1

293 2294 306 2301 .-

178 2358 263 2386 Febr.

316 2574 342 2602 5¹

310 991 338 1146 5⁶÷⁷¹÷et⁴

313 2362 342 2516 &ewa

944 123 967 156 1.
1013 120 1219 154 ANNALES
1248 120 1396 154 VlTAE.
2132 123 2182 156 58

363 220 453 249 Mittit
475 219 544 247 Vito
565 219 720 247 Theodoro
743 218 953 255 praefationem
976 219 1006 246 in
1029 217 1171 247 Schoneri
1195 217 1307 245 tabulas
1327 216 1480 245 resolutas.

362 263 456 291 Multa
477 262 591 299 scripsit
614 262 650 289 ad
673 261 787 289 Ducem
810 259 880 289 Sax.
905 261 1072 290 Electorem
1095 262 1130 289 de
1155 259 1274 298 Synodo
1296 259 1401 288 futura.

359 348 512 385 Principes
535 347 734 375 protestantes
757 347 935 384 respondent
958 347 1087 374 Henrico
1108 346 1184 383 Regi
1205 346 1341 383 Angliae,
1365 346 1526 382 interprete
1550 344 1746 372 Melanthone.

362 390 514 419 Conradus
536 389 680 418 Cordatus
702 390 782 417 litem
806 395 903 418 movet
927 390 963 417 de
986 390 1191 417 iustificatione
1215 390 1309 426 deque
1332 388 1417 417 bonis
1450 387 1587 425 operibus
1611 392 1639 415 et
1661 387 1828 425 aggreditur
1851 386 2041 424 Crucigerum
2065 392 2094 416 et
2115 388 2178 416 Me-

395 433 571 460 lanthonem.

361 476 429 504 Mel.
454 480 496 503 est
518 475 752 503 Francofurdiae.

360 518 449 547 Bulla
467 518 567 555 Papae
588 518 623 545 de
645 517 832 545 reformanda
850 517 930 544 curia
953 517 1096 545 Romana.

360 561 427 590 Mel.
451 562 526 589 venit
549 561 724 597 Tubingam.
748 577 789 581 —
813 559 982 588 Conventus
1004 559 1220 596 Theologorum
1244 558 1388 587 Helvetic.
1413 558 1547 587 Basileae
1571 559 1607 587 de
1630 559 1737 588 Buceri
1760 558 1887 588 formula
1909 558 2091 587 concordiae.

363 604 430 632 Mel.
455 603 607 640 Tubingae
630 608 756 631 versatu1
783 611 874 640 usque
899 604 935 630 ad
958 603 1085 630 medium
1107 600 1172 630 Oct.

360 647 428 675 Mel.
453 652 495 675 est
517 646 682 683 Nortingae
711 650 739 673 et
761 646 861 674 scribit
888 645 924 673 ad
950 646 1138 673 Academiam
1163 645 1395 681 Tubingensem‚
1425 645 1493 681 quid
1523 645 1613 682 egerit
1642 654 1707 672 cum
1729 644 1815 673 Duce
1838 643 1999 672 Wurtemb.
2021 643 2057 672 de
2079 643 2179 672 schola

398 690 471 717 bene
494 689 679 717 instituenda.

361 732 520 769 Elwangae
544 737 588 760 est
610 733 639 759 in
663 731 729 759 aula
751 731 855 765 Ducis,
879 736 906 758 et
928 731 1031 758 invitat
1053 731 1214 764 Bromium,
1237 735 1269 757 ut
1288 739 1319 757 sc
1342 729 1470 757 conferat
1491 730 1520 757 in
1545 730 1733 758 Academiam
1755 729 1986 767 Tubingensem.

363 775 396 802 In
420 776 515 803 reditu
539 780 583 803 est
605 774 818 811 Norinbergae‚
843 774 891 801 ubi
912 774 977 801 lites
1001 774 1036 801 de
1059 773 1242 801 absolutione
1266 777 1344 800 ortas
1368 781 1543 809 componere
1566 773 1672 802 studet..

360 817 427 845 Mel.
451 818 488 846 ad
511 817 724 846 Camerarium:
762 817 976 853 „Acerbissime
1005 826 1050 844 mc
1082 816 1212 844 cruciant
1239 815 1433 843 dissensiones
1462 817 1490 844 in
1517 815 1673 853 religione,
1710 815 1815 853 quibus
1844 815 1997 843 crudeliter
2023 814 2175 843 dilacerari

407 861 544 888 ecclesias
568 866 593 888 et
618 861 749 889 civitates
772 860 931 887 w‘demusst‘

363 904 489 941 Sparsus
516 908 579 931 erat
608 904 663 931 hoc
693 909 823 940 tempore
846 911 959 936 rumor,
988 900 1205 928 Melanthonem
1236 909 1297 927 non
1319 900 1478 928 rediturum
1502 909 1564 929 esse
1591 901 1793 939 Vitebergam‚
1823 901 1959 938 quoniam
1984 900 2139 930 dissentiat
2159 909 2177 928 a

396 946 517 974 Lutheri
540 947 680 974 doctrina..
727 945 807 979 (Vid.
831 955 874 982 ep.
899 945 935 972 ad
957 942 1070 971 Camer.
1095 944 1122 971 d,
1148 943 1196 971 30.
1222 942 1314 978 Nov.)

361 989 429 1019 Mel.
455 990 490 1017 ad
513 989 736 1026 Vitebergenses
760 988 859 1015 scribit
882 992 908 1014 et
932 996 995 1014 sese
1018 991 1122 1024 purgat
1147 986 1182 1013 de
1202 985 1283 1012 falsis
1308 986 1567 1014 criminationibus.

360 1031 447 1060 Redit
471 1032 639 1059 Melanthon
663 1031 857 1067 Vitcbergain.

362 1072 530 1105 cordatum,
555 1075 764 1107 adversarium,
787 1073 881 1100 studet
906 1072 1031 1108 placare.

361 1116 490 1153 Nuptiae
513 1118 624 1144 Annae.
651 1116 729 1143 filiae
753 1115 829 1149 Met,
852 1124 917 1142 cum
941 1113 1071 1151 Georgio
1094 1112 1211 1141 Sabino.

363 1157 467 1187 Scribit
491 1159 658 1196 apologiam
683 1167 734 1195 pro
758 1158 864 1185 Iacobo
888 1156 1062 1190 Schenckio,
1085 1154 1300 1184 Concionatore
1324 1156 1417 1184 aulico
1442 1155 1638 1192 Fribergensi.

331 1222 338 1228 .
362 1201 449 1229 Nova
472 1200 608 1239 Synodus
634 1201 766 1228 Basileae
789 1201 824 1228 de
848 1199 968 1228 formula
994 1199 1106 1228 Buceri.

264 1246 337 1316 ,ἐξ

291 1331 338 1359 17.

289 1372 339 1400 27.

361 1245 485 1272 Enarrat
509 1246 668 1272 orationem
692 1244 826 1271 Isocratis
850 1243 918 1282 περὶ
941 1237 1064 1280 ζεύγους.

361 1287 493 1315 Milichio
515 1287 677 1314 decernitur
698 1287 806 1323 gradus
830 1286 990 1313 Doctorum
1015 1285 1044 1312 in
1069 1285 1223 1312 Medicina.

362 1330 444 1358 Iussu
468 1330 611 1366 Principis
635 1330 778 1357 Electoris
800 1329 990 1356 instituuntur
1014 1328 1146 1364 publicae
1170 1327 1383 1364 disputationes
1407 1332 1434 1354 et
1458 1327 1683 1355 declamationes
1706 1327 1736 1354 in
1759 1327 1919 1355 Academia
1941 1327 2089 1364 Viteberg.

364 1373 412 1400 Ad
435 1372 690 1409 Norinbergenses
713 1372 812 1399 scribit
835 1371 869 1398 de
890 1371 1005 1409 privata
1028 1370 1219 1398 absolutionc.

364 1416 488 1452 Eclipsis
513 1415 591 1447 solis,
615 1425 701 1452 quam
725 1416 791 1442 dum
813 1414 957 1447 observat,
980 1413 1045 1440 Mel.
1070 1413 1176 1440 labitur
1197 1413 1233 1440 de
1255 1413 1334 1441 scala
1357 1418 1384 1441 et
1407 1422 1440 1441 os
1463 1422 1576 1441 sacrum
1600 1413 1726 1450 graviter
1749 1412 1862 1450 afflign't.

362 1459 515 1495 Accipiunt
540 1458 763 1494 Vitebergeuses
786 1457 923 1485 articulos
949 1457 1015 1483 fidei
1041 1456 1202 1492 Anglorum
1225 1457 1363 1493 integros.

359 1500 469 1528 Narrat
492 1500 670 1535 Catum-ario,
694 1501 772 1537 quid,
796 1500 861 1527 dum
886 1501 915 1527 in
939 1500 1040 1527 itinere
1063 1499 1159 1533 fuerit,
1183 1499 1275 1527 moliti
1299 1500 1357 1526 sint
1379 1499 1489 1527 inimici
1511 1499 1566 1527 sui.

362 1544 450 1571 Mittit
475 1543 631 1571 versiculos
655 1544 689 1570 de
714 1542 845 1579 Georgio
870 1548 897 1570 et
920 1540 1140 1579 Christcphoro,
1165 1547 1193 1569 et
1215 1542 1251 1569 de
1274 1542 1375 1579 eclipsi
1399 1542 1477 1571 soliS.

361 1585 546 1623 Landgravio
569 1586 695 1613 Hassiae
718 1586 889 1613 sententiam
915 1595 996 1613 suam
1021 1585 1121 1612 scribit
1145 1586 1180 1612 dc
1199 1585 1354 1622 puniendis
1377 1585 1589 1621 Anabaptistis.

358 1628 499 1666 Princeps
519 1629 635 1657 Elector
658 1629 773 1656 mandat
796 1628 941 1665 theologis
967 1628 1129 1665 Vitcberg.2
1154 1633 1184 1655 ut
1206 1628 1344 1656 articulos
1367 1628 1433 1655 fidei
1458 1627 1649 1661 conscribant,
1674 1625 1793 1664 Synodo
1817 1626 1931 1654 futurae
1954 1625 2121 1655 tradendos.

363 1671 508 1700 Cordatus
531 1682 589 1699 non
614 1672 709 1699 (lisinit
733 1672 904 1708 impugnare
929 1669 1116 1708 Crucigerum
1140 1676 1168 1698 ct
1191 1671 1418 1699 Melanthonem.

363 1714 428 1743 Hoc
451 1725 541 1743 anno:
571 1714 685 1752 prolixe
708 1715 808 1742 scribit.
829 1715 864 1742 ad
889 1713 1073 1741 Oebmlerum
1098 1714 1133 1741 de
1157 1714 1316 1741 mutatione
1340 1714 1488 1741 nominum
1512 1713 1662 1741 hominum
1682 1713 1840 1741 doctorum.

572 1757 726 1785 Enarravit
748 1757 851 1785 librum
879 1757 998 1784 Ptolem.
1022 1757 1057 1784 de.
1082 1757 1203 1784 iudiciis.

572 1800 725 1828 Praefatus
745 1806 789 1828 est
808 1801 840 1828 in
862 1798 1028 1827 Chronicon
1055 1799 1176 1827 Abbatis
1198 1798 1417 1836 Urspergensis.

574 1844 715 1871 Iutlicavit
739 1843 773 1871 :le
797 1843 927 1870 ecclesiis
953 1842 1174 1870 cathedralibus.

572 1886 719 1921 Quaesivit
744 1895 780 1913 an
804 1886 875 1914 inuti
897 1886 1068 1913 admittendi
1092 1886 1147 1913 sint
1169 1886 1205 1912 ad
1229 1894 1341 1912 sacram
1366 1894 1494 1912 coenam.

1016 2012 1170 2042 ANNO
1212 2010 1335 2041 1537.

370 2102 406 2130 D.
436 2103 538 2130 1-3,
564 2102 623 2130 Ian.
655 2103 830 2130 conveniunt
852 2102 1034 2140 spalatinus,
1065 2104 1215 2141 Agricola,
1241 2103 1424 2131 Amsdortius
1449 2112 1513 2130 cum
1538 2101 1666 2129 Luthero
1691 2106 1714 2128 et
1742 2100 1927 2128 Melanthone
1950 2100 2124 2138 Vitebcrgae
2146 2105 2178 2128 ut

401 2152 577 2182 cognoscant
600 2146 737 2174 articulos
761 2146 828 2174 fidei
847 2155 865 2173 a
887 2145 1017 2173 Lutbero
1040 2148 1069 2174 in
1093 2146 1275 2174 Conventum
1295 2144 1436 2174 Scbmal‘e.
1460 2146 1593 2182 scriptos.

333 2211 339 2216 .
363 2188 487 2216 Articuli
508 2189 575 2216 fidei
599 2198 650 2226 per
673 2188 853 2226 Spalatinum
877 2190 1027 2216 mittuntur
1050 2190 1086 2217 ad
1110 2190 1274 2226 Principem
1298 2189 1470 2217 Electorem.

294 2233 339 2259 ll.

333 2296 339 2302 .
364 2273 507 2311 Theologi
530 2275 633 2302 iterum
657 2275 803 2311 disputant
826 2284 862 2302 an
885 2274 971 2302 liceat
993 2275 1080 2302 armis
1101 2275 1255 2302 defendere
1279 2274 1482 2311 Evangelium.

362 2231 429 2258 Mel.
456 2231 619 2259 valetudine
642 2232 764 2260 laborat.

365 2317 500 2344 Exeunte
524 2317 661 2345 Ianuario
686 2317 854 2345 Melanthon
878 2322 906 2344 et
928 2316 1073 2345 Luthcrus
1097 2318 1151 2345 iter
1174 2318 1375 2354 ingrediuntur
1397 2317 1433 2344 ad
1457 2322 1644 2348 conventuin3
1668 2316 1791 2352 primum
1815 2314 1934 2342 veniunt
1952 2313 2088 2350 Torgam.

336 2381 342 2387 .
366 2359 435 2389 Mel.
461 2369 524 2387 cum
549 2359 679 2388 Luthero
702 2366 743 2389 est
768 2360 949 2397 Altenburgi.

367 2402 456 2429 Iidem
480 2407 547 2431 sunt
571 2403 737 2431 VVimariae.

367 2443 512 2473 Lutherus
535 2447 723 2474 concionatur
747 2446 903 2474 Wimariae
926 2446 956 2473 in
981 2451 1118 2482 suggestu
1142 2454 1231 2473 sacro.

364 2488 533 2516 Melanthon
568 2489 605 2516 ad
634 2489 749 2517 Ionam:
784 2498 868 2525 „mea
897 2488 1032 2516 valetudo
1061 2493 1104 2516 est
1132 2488 1281 2516 infirmior.
1332 2488 1453 2516 Aulicae
1481 2486 1640 2514 sententiae
1671 2485 1789 2513 mirifice
1816 2494 1833 2512 a
1861 2484 2046 2522 philosophia
2076 2487 2176 2512 nostra

401 2531 574 2567 discrepant.
582 2533 595 2548 ⁰·

366 2573 435 2601 Mel.
460 2579 485 2601 et
508 2573 654 2602 Lutherus
677 2575 795 2602 veniunt
819 2572 1068 2602 Schmalcaldiam.
