2299 2921
143 112 206 143 159

781 109 837 141 PH
842 109 967 142 ILIPPI
990 108 1266 142 MELANTHON
1269 108 1307 142 IS
1330 107 1489 141 OPERA.
2089 110 2150 144 160

2085 209 2150 238 fag.

639 283 900 311 Additamenta
922 283 965 310 ad
989 283 1096 311 huius
1120 282 1300 321 Corporis
1324 282 1524 312 Volumina
1547 282 1643 313 I-X.

366 360 381 388 Ι
434 359 572 389 Carmina
604 383 2019 391 ...........................
2089 361 2149 390 765

353 403 384 431 Π
436 402 637 431 Praefationes
707 425 2018 434 .........................
2088 405 2149 434 ’778

984 544 1200 575 VOLUMEN
1224 544 1313 576 XXI.

208 634 357 676 LIBRI
389 634 632 675 PHILIPPI
663 633 1075 675 MELANTHONIS
1107 634 1167 673 IN
1200 633 1402 683 QUIBUS
1434 633 1727 677 DOGMATA
1759 632 2091 676 DOCTRINAE

798 705 1181 748 CHRISTIANAE
1213 706 1501 758 EXPOSUIT.

898 810 922 842 1.
978 809 1083 842 Loci
1110 809 1397 843 THEOLOGICI.

392 903 606 940 Prolcgomena
627 902 774 939 generalia
820 925 2023 932 .......................

377 990 412 1017 A.
457 988 582 1016 Prima
604 988 834 1016 adumbratio
856 988 1022 1016 locorum
1041 988 1343 1025 theologicorum
1373 987 1415 1015 ab
1438 987 1519 1024 ipso
1542 990 1696 1015 auctore
1716 995 1787 1014 non
1811 987 1920 1016 edita.

436 1074 650 1112 Prolegomena
672 1074 812 1111 specialia
874 1096 2027 1103 ......................

393 1116 743 1145 Lucubratiuncula
765 1116 858 1145 Phil.
883 1117 962 1145 Mel.
985 1127 999 1144 e
1023 1117 1151 1145 codice
1174 1116 1235 1144 Ms.
1259 1116 1358 1143 edita
1419 1138 2026 1145 ............

437 1160 650 1196 Prolegomena
673 1159 811 1196 specialia
874 1181 2026 1189 ......................

394 1203 631 1240 Theologica
659 1203 855 1230 institutio
877 1202 971 1230 Phil.
1003 1202 1079 1229 Mel.
1104 1202 1139 1229 in
1163 1201 1363 1238 epistolam
1387 1200 1492 1228 Pauli
1521 1200 1563 1228 ad
1584 1199 1769 1228 Romanos
1797 1210 1814 1228 a
1840 1199 1984 1229 Kohlio
2014 1210 2030 1229 e

481 1247 613 1274 codice
636 1246 697 1274 Ms.
721 1254 747 1274 a.
776 1246 881 1273 1752.
902 1246 1055 1281 primum
1077 1245 1181 1272 edita
1206 1266 2028 1273 ................

412 1331 447 1361 B.
493 1332 618 1359 Prima
640 1336 742 1359 aetas
765 1330 930 1358 locorum
954 1329 1250 1367 theologicorum
1273 1328 1314 1356 ab
1338 1328 1418 1365 ipso
1441 1327 1681 1355 Melanthone
1705 1328 1895 1356 editorum.

438 1409 653 1445 Prolegomena
676 1408 816 1444 specialia
874 1428 2027 1437 ......................

394 1451 484 1479 Phil.
507 1452 585 1479 Mel.
608 1450 695 1478 Loci
719 1459 928 1478 communes
952 1459 1069 1478 rerum
1092 1450 1130 1477 th
1141 1459 1180 1477 eo
1191 1450 1399 1487 logicarum
1419 1456 1481 1476 seu
1504 1446 1772 1486 Hypotyposes
1793 1447 2031 1486 theologicae

438 1494 573 1532 Epistola
591 1494 802 1530 nuncupatoria
825 1494 862 1521 ad
884 1493 991 1522 Tilom.
1010 1493 1208 1521 Plettenerum
1261 1514 2028 1522 ...............

438 1537 512 1565 Loci
536 1545 703 1565 communes
727 1545 777 1564 seu
796 1536 1006 1574 Hypotyposes
1029 1536 1213 1573 theologicae
1261 1554 2026 1564 ...............

440 1581 609 1618 Appendix:
633 1580 778 1608 Themata
797 1580 873 1608 Phil.
897 1580 963 1607 Mel.
985 1581 1020 1608 de
1044 1579 1153 1616 duplici
1175 1578 1286 1606 iustitia
1307 1578 1506 1614 regimineque
1525 1575 1671 1613 corporali
1691 1579 1718 1603 et
1741 1576 1885 1613 spirituali
1909 1600 1914 1606 .
1965 1601 1969 1606 .
2019 1601 2025 1607 ,

492 1642 525 1652 .ae

388 1663 421 1694 C.
467 1664 637 1694 Secunda
660 1670 761 1694 aetas
784 1665 949 1694 locorum
972 1665 1279 1702 theologicorum
1300 1663 1341 1692 ab
1360 1663 1442 1700 ipso
1466 1660 1714 1689 Melanthone
1737 1661 1923 1690 editorum.

439 1752 651 1788 Prolegomena
674 1751 812 1788 specialia
876 1770 2025 1780 ......................

398 1793 579 1823 Locorum
609 1794 852 1822 communium
881 1805 898 1822 a
924 1794 1163 1821 Melanthone
1188 1803 1213 1821 a.
1239 1793 1345 1820 1533.
1374 1790 1646 1828 praelectorum
1670 1790 1880 1826 fragmenta
1902 1799 1945 1817 ex
1970 1790 2030 1819 ΜΒ.

484 1837 723 1874 Bugenhagii
745 1837 940 1865 Pomerani
962 1846 1055 1864 nunc
1076 1837 1229 1873 primum
1254 1835 1355 1862 edita
1377 1854 2031 1863 .............

397 1879 489 1908 Loci
523 1889 732 1908 communes
768 1879 973 1916 theologici
1007 1889 1141 1907 recens
1171 1878 1328 1907 collecti
1357 1880 1390 1904 et
1414 1875 1603 1912 recogniti
1633 1885 1650 1902 a
1677 1875 1769 1903 Phil.
1794 1876 2032 1904 Melanthone

439 1923 653 1960 Prolegomena
724 1941 2027 1951 .........................

439 1965 574 2002 Epistola
596 1965 807 2002 nuncupatoria
829 1965 896 1994 Mel.
919 1965 956 1992 ad
977 1965 1138 1992 Henricuin
1161 1963 1246 1991 VIII.
1270 1962 1396 2000 Angliae
1420 1961 1532 1999 Regem
1590 1983 2029 1991 .........

440 2008 574 2045 Epistola
596 2008 664 2036 Mel.
688 2009 725 2035 ad
748 2008 812 2045 pios
836 2012 863 2034 et
884 2008 1032 2036 studiosos
1056 2008 1246 2036 scholasticos
1266 2026 2032 2035 ...............

440 2051 513 2079 Loci
537 2061 704 2080 communes
727 2050 883 2088 theologici
936 2069 2029 2079 .....................

442 2094 585 2122 Postfatio
611 2111 2028 2123 ...........................

394 2179 432 2208 D.
479 2179 606 2208 Tertia
629 2184 734 2207 actas
756 2179 922 2206 locorum
945 2178 1247 2215 theologicorum
1272 2176 1422 2213 abipso
1447 2173 1687 2202 Melanthcne
1710 2173 1903 2201 editorum.

443 2266 657 2303 Proleg)mena
678 2264 816 2302 specialia
830 2281 2029 2293 .......................

398 2309 487 2337 Loci
520 2308 713 2345 praecipui
747 2307 955 2343 theologici
989 2315 1086 2333 nunc
1121 2306 1238 2333 denuo
1258 2314 1343 2333 cura
1370 2309 1404 2332 et
1427 2303 1640 2340 diligentia
1666 2310 1801 2329 summa
1827 2302 2031 2339 recogniti,

487 2351 691 2388 multisque
714 2351 749 2378 in
771 2350 868 2378 locis
887 2350 1040 2386 copiose
1059 2348 1238 2377 illustrati
1262 2357 1323 2385 per
1346 2347 1440 2376 Phil
1466 2347 1742 2375 Melantbonem
1806 2368 2028 2374 .....

443 2395 516 2431 Epis
504 2395 579 2422 toli
600 2395 667 2422 Mel
692 2394 728 2421 ad
752 2393 832 2430 pium
851 2392 988 2420 lectorem
1051 2416 1056 2420 .
1214 2400 1219 2404 ·
1268 2407 2030 2419 ..............

445 2437 518 2464 Loci
543 2437 699 2474 theologici
718 2436 831 2463 collecti
853 2444 870 2462 a
893 2435 969 2464 Phil.
992 2415 1178 2462 Melanthone
1207 2452 2028 2462 ................

445 2480 603 2516 Appendix
625 2479 649 2508 I.
696 2479 742 2507 De
766 2478 902 2515 coniugio
938 2495 2028 2507 .....................
2078 2472 2088 2498 l

446 2523 607 2559 Appendix
630 2522 669 2551 Π.
715 2521 910 2549 Definitiones
929 2520 1084 2548 multarum
1108 2519 1345 2556 appellationum,
1370 2526 1490 2554 quarum
1513 2517 1543 2544 in
1566 2516 1699 2545 Ecclesia
1720 2523 1790 2543 usus
1813 2519 1856 2542 est
1913 2538 1918 2544 .
1967 2538 1973 2543 .
2022 2537 2027 2543 .
2078 2514 2090 2541 1

447 2566 658 2602 Appendicula.
703 2565 749 2593 De
772 2564 918 2592 habitibus
940 2579 2027 2592 .....................
2077 2556 2090 2583 1

2097 1745 2158 1775 229

2101 1832 2160 1860 253

2100 1876 2156 1904 331

2099 1918 2156 1946 331

2099 1961 2158 1989 333

2099 2004 2157 2032 341

2099 2046 2158 2074 347

2097 2089 2158 2116 559

2097 2471 2155 2498 051

2097 2513 2156 2540 075

2098 2555 2155 2583 101
