2299 2921
139 115 201 147 107

769 110 956 143 PfflLlPPI
986 107 1315 143 MELANTHoNJs,
1330 108 1489 140 OPERA.
1696 83 1705 89 ’
2083 107 2146 141 108

138 209 216 239 Nov.
256 210 304 238 16.
329 209 473 246 Caspar
495 207 675 244 Cruciger
698 206 861 234 moritur.

158 252 304 282 16-20,

256 297 302 325 19.

138 338 209 367 Dec.
274 340 302 368 6.

258 383 304 410 11.

258 425 303 453 16.

259 468 308 496 17.

254 553 302 580 21.

254 594 302 623 ⁴24.

140 942 200 970 Ian.

258 1114 306 1142 11.

256 1156 304 1184 20.

258 1199 307 1228 23.

257 1285 305 1313 25.

258 1328 308 1357 29.

142 1371 228 1400 Febr.
280 1371 308 1399 9.

259 1413 308 1443 12.

258 1457 307 1485 13.

261 1499 311 1528 21.

260 1543 310 1571 24.

143 1587 228 1615 Mart.
283 1587 310 1614 1.

303 1649 310 1656 .
334 1626 564 1656 Concionatores
586 1627 754 1662 Ulmenses,
777 1627 884 1664 captivi
907 1626 1024 1654 abducti
1047 1635 1064 1653 a
1087 1625 1223 1660 Caesare,
1248 1624 1431 1652 dimittuntur
1453 1622 1545 1650 liberi.

184 1673 201 1701 7
212 1689 252 1694 --
262 1672 309 1700 15.

264 1758 313 1786 18.

262 1800 311 1829 25.

148 1973 245 2011 April.
287 1973 312 2001 1.

286 2101 314 2130 7.

268 2188 315 2216 13.

267 2231 316 2259 16.

265 2272 313 2302 21.

265 2316 314 2345 23.

267 2359 306 2387 28

153 2401 221 2430 Mai.
292 2403 305 2430 1

278 942 306 1013 ΦΨ

328 250 497 280 Conventus
520 249 671 278 Cellensis.

328 296 449 323 Interim
473 293 618 327 Cellense,
641 302 663 321 s.
685 291 778 319 altera
800 291 894 319 forma
916 289 1016 323 libelli,
1040 289 1089 326 qui
1112 293 1214 326 postea
1238 288 1402 327 appellatus
1426 294 1469 317 est
1492 289 1612 317 Interim
1636 290 1791 318 Misnicum
1814 290 1860 318 vel
1881 289 2046 327 Lipsiense.

326 338 465 374 Queritur
489 336 668 370 Melanthon,
691 334 802 362 litteras
826 342 894 361 suas
917 332 1050 369 intercipi
1074 336 1102 360 et
1125 330 1245 360 Caesari
1268 332 1351 360 mitti.

328 382 458 409 Vocatur
478 380 515 407 ad
538 382 711 407 conventum
736 376 983 404 Iuterbocensem.

328 423 473 461 Scriptum
494 422 712 458 Theologorum
734 420 770 447 de
794 419 937 447 sacrificio
961 418 1077 447 Missae.

331 466 488 494 Decretum
512 466 540 492 in
564 467 708 492 conventu
730 462 935 490 Iuterbocensi.

327 509 498 536 Melanthon
517 506 710 544 proficiscitur
722 504 855 542 Lipsiam
874 505 911 532 ad
930 508 1104 532 conventum
1123 512 1140 530 a
1159 503 1307 538 Mauriti0‚
1327 502 1471 538 Electore,
1496 512 1560 531 cum
1579 503 1729 531 ordinibus
1749 512 1818 531 suae
1837 502 1956 532 ditionis
1975 503 2148 533 habendum.

327 550 495 579 Conventus
516 549 636 587 Lipsiae
658 549 782 577 habitus.

326 594 444 621 Interim
468 592 633 630 Lipsiense.

327 636 487 673 Theologis
521 635 673 664 mandatur
702 644 719 661 a
748 633 899 667 Mauritio,
933 636 964 660 ut
992 632 1115 660 formam
1144 631 1334 668 Ageudorum
1362 639 1509 659 sacrorum
1538 631 1751 659 conscriberent
1785 633 1888 669 (quam
1917 636 2020 669 postea
2047 640 2148 661 mense

363 680 470 707 Martio
492 679 583 707 1549.
607 677 791 714 Mcrseburgi
815 676 1023 711 absolverunt).

987 826 1144 859 ANNO
1185 825 1310 857 1549.

330 940 501 968 Melanthon
525 948 559 967 cx
583 942 727 966 conventu
751 937 870 975 Lipsiae
893 937 992 966 habito
1015 937 1090 965 redit
1111 936 1308 973 Vitebergam.

298 1005 305 1012 .
327 982 435 1012 Scribit
456 981 675 1018 Meienburgio:
712 980 851 1018 „Lipsica
883 981 959 1009 actio
988 989 1047 1008 non
1075 979 1143 1008 facit
1172 980 1201 1007 in
1231 979 1365 1007 Ecclesia
1388 978 1591 1013 mutationem,
1622 979 1690 1015 quia
1720 978 1921 1007 controversia
1950 978 1987 1006 de
2010 978 2102 1007 Missa
2125 981 2155 1006 et

365 1035 478 1054 canone
501 1025 632 1053 reiicitur
654 1024 691 1052 ad
715 1024 787 1052 alias
809 1024 950 1059 actiones,
973 1024 1026 1052 sed
1049 1027 1145 1051 tamen
1168 1023 1312 1060 quaedam
1333 1021 1459 1059 optarim
1482 1021 1567 1049 aliter
1589 1025 1654 1050 acta
1677 1023 1768 1050 esse.“

329 1068 474 1106 Theologi
496 1068 702 1096 Berolinenses
727 1066 892 1095 consultant
914 1067 1139 1103 Vitebergenses
1163 1066 1198 1094 de
1221 1066 1296 1093 libro
1318 1066 1501 1102 Augustano.

330 1112 518 1150 Responsum
541 1111 797 1148 Vitebergensium
820 1110 943 1138 mittitur
964 1109 1145 1138 Berolinum.

328 1155 441 1184 Ultima
465 1154 587 1192 epistola
608 1153 806 1181 Melanthonis
830 1153 867 1180 ad
886 1153 985 1181 Vitum
1008 1152 1208 1181 Theodorum.

332 1196 595 1226 concionatoribus
623 1196 888 1224 Mansfeldensibus
916 1196 1016 1224 scribit
1045 1196 1082 1223 do
1104 1194 1288 1232 adiaphoris,
1311 1194 1438 1230 itemque
1459 1193 1575 1229 Aepino
1599 1191 1831 1229 Hamburgensi,
1857 1196 1886 1220 et
1907 1192 2030 1227 iudicat,
2060 1192 2150 1220 servi-

366 1245 455 1269 tutem
478 1241 508 1268 in
530 1240 699 1278 adiaphoris
722 1240 820 1277 potius
842 1239 990 1267 ferendam
1014 1247 1077 1267 esse
1100 1247 1187 1275 quam
1209 1236 1384 1265 deserendas
1408 1235 1565 1264 Ecclesias.

331 1283 471 1319 Queritur
494 1284 529 1311 de
552 1283 653 1320 inopia
677 1282 862 1310 Academiae.

332 1325 439 1355 Scribit
461 1327 497 1354 de
521 1326 691 1363 adiaphoris
714 1325 751 1352 ad
774 1324 912 1352 Pastores
931 1323 1160 1352 Francotordiae
1181 1323 1217 1350 ad
1240 1322 1388 1350 Moenum.

332 1370 496 1398 Erhardum
520 1368 709 1406 Schnepfium
727 1368 842 1403 invitat,
865 1371 895 1395 ut
915 1376 946 1395 se
968 1367 1158 1404 Vitebergam
1181 1365 1320 1394 conferat.

332 1412 463 1441 Litterae
481 1411 606 1441 Senatus
619 1411 878 1449 Argentoratensis
891 1411 928 1438 ad
947 1409 1113 1445 Caesarem,
1132 1409 1339 1448 promittentis,
1357 1416 1389 1436 se
1400 1407 1474 1436 libro
1488 1408 1676 1445 Augustano,
1694 1406 1826 1442 Interim,
1842 1406 2070 1444 obsequuturum
2083 1414 2156 1435 esse.

331 1456 503 1484 Melanthon
524 1454 644 1492 Lipsiae
667 1459 710 1482 est
733 1454 769 1482 ad
792 1454 911 1492 nuptias
933 1453 1062 1482 Meureri
1085 1452 1340 1481 concelebrandae.

334 1499 446 1528 Tomus
468 1498 524 1526 III.
547 1508 668 1536 operum
691 1498 924 1534 germanicorum
946 1496 1071 1525 Lutheri
1095 1496 1148 1524 sub
1170 1495 1251 1533 prelo
1275 1500 1326 1523 est.

334 1542 480 1570 Bucerum
501 1542 614 1577 invitat,
637 1546 669 1570 ut
691 1540 881 1578 Vitebergam
904 1541 1009 1568 veniat.

335 1585 490 1613 Praefatur
510 1585 541 1612 in
564 1585 669 1613 librum
693 1583 786 1612 Fla-:ii
810 1584 921 1622 Illyrici
944 1584 979 1611 de
1002 1592 1073 1611 voce
1097 1586 1126 1610 et
1147 1591 1180 1610 re
1202 1581 1281 1610 fidei.

334 1671 505 1699 Melanthon
539 1671 584 1698 his
616 1670 719 1698 dicbus
746 1671 800 1698 iter
828 1669 932 1698 fecisse
959 1669 1073 1697 videtur
1101 1668 1138 1696 ad
1165 1667 1328 1705 Georgium
1351 1665 1519 1703 Principem
1542 1663 1752 1698 Anhaltinum,
1786 1666 1818 1690 ut
1846 1670 1912 1690 cum
1940 1672 1975 1690 eo
2005 1662 2041 1691 de
2063 1662 2157 1692 forma.

368 1714 559 1751 Agendorum
582 1723 741 1748 sacrorum,
764 1713 903 1741 Mauritio
927 1712 1055 1740 Electori
1077 1711 1228 1746 tradenda,
1252 1710 1433 1739 deliberaret.

337 1757 430 1785 Fama
454 1761 507 1792 est,
531 1757 750 1785 Melanthonem
773 1766 791 1784 a
813 1756 889 1784 Iulio
908 1755 1002 1792 Pflug,
1026 1755 1183 1792 Episcopo,
1206 1754 1331 1791 pecunia
1354 1755 1520 1789 corruptum
1544 1759 1619 1785 esse,
1642 1752 1674 1777 ut
1695 1757 1843 1777 sacrorum
1865 1748 2019 1777 mutationi
2037 1748 2157 1778 faveret.

336 1800 421 1828 Vitus
443 1800 628 1834 Theodorus,
653 1800 842 1827 concionator
865 1798 1123 1836 Norinbergensis,
1148 1797 1279 1825 moritur.

335 1843 506 1871 Melanthon
529 1843 567 1870 ad
591 1841 753 1879 Georgium
776 1842 894 1869 Anhalt.
920 1841 1033 1869 scribit:
1065 1840 1219 1877 „Illyricas
1242 1840 1310 1867 hinc
1332 1838 1419 1872 abiit,
1443 1841 1541 1874 aperte
1565 1844 1683 1864 causam
1707 1834 1782 1862 hanc
1800 1834 1912 1869 dicens,
1936 1842 1968 1862 se
1991 1833 2070 1862 nolle
2093 1842 2158 1872 spe-

371 1889 510 1914 ctatorem
543 1894 606 1914 esse
640 1885 809 1913 mutationis
838 1885 960 1918 rituum3
991 1901 1032 1905 —
1056 1883 1191 1917 arbitror,
1220 1891 1358 1919 quaerere
1387 1881 1469 1909 illum
1499 1879 1613 1914 sedem,
1647 1878 1724 1906 unde
1756 1877 1876 1905 liberius
1903 1885 1958 1905 nos
1987 1877 2160 1906 calumniari

370 1929 490 1966 possit.“

337 1971 504 2009 Philippus,
528 1970 627 2000 Caroli
650 1970 786 1999 Caesaris
808 1970 894 2005 filius,
917 1969 1099 2007 amplissima
1122 1978 1187 1996 cum
1211 1977 1319 2005 pompa
1340 1966 1510 1995 Bruxellam
1533 1965 1703 2002 ingreditur.

338 2014 469 2043 Bucerus
491 2019 520 2043 et
541 2014 651 2042 Paulus
675 2013 785 2050 Fagius
809 2023 847 2041 ex
870 2014 1067 2050 Argentorato
1091 2012 1212 2040 exulant
1235 2016 1264 2039 et
1286 2011 1314 2038 in
1339 2010 1477 2047 Angliam
1500 2018 1532 2037 se
1554 2009 1705 2046 recipiunt.

338 2057 501 2086 Excuditur
522 2057 726 2086 Ptolemaei
749 2056 844 2084 liber
865 2054 995 2094 μεγάλης
1018 2053 1180 2092 συντάξεως
1201 2063 1306 2092 graece
1330 2058 1358 2081 ct
1382 2053 1480 2081 latine.

336 2100 475 2129 Pastores
497 2100 726 2138 Vitebergensis,
748 2099 911 2137 Lipsiensis
934 2104 962 2127 et
984 2098 1159 2127 Dresdensis
1193 2097 1318 2135 probant
1350 2096 1473 2124 formam
1502 2095 1692 2133 Agendorum
1720 2101 1867 2122 sacrorum
1897 2101 1914 2120 a
1937 2090 2067 2129 Georgio
2099 2092 2160 2119 An·

371 2143 483 2172 haltino
509 2144 654 2180 scriptam.

337 2185 506 2215 Conventus
523 2185 742 2223 Torgaviensis,
765 2185 814 2212 ubi
838 2184 1009 2212 Melanthon
1031 2184 1138 2220 aliique
1162 2183 1197 2211 de
1219 2183 1313 2211 forma
1337 2182 1525 2219 Agendorum
1548 2189 1696 2209 sacrorum
1719 2178 1840 2208 ulterius
1860 2177 2030 2206 deliberant.

339 2229 536 2258 Melanthonis
558 2238 729 2266 responsum
752 2228 789 2255 ad
813 2228 1031 2256 concionatores
1054 2226 1294 2263 Hamburgenscs
1315 2226 1351 2254 de
1377 2225 1554 2262 adiaphoris.

338 2273 530 2310 Magdeburgi
552 2272 699 2310 prodeunt
718 2271 809 2299 libelli
832 2271 970 2299 adversus
992 2270 1163 2307 Theologos
1186 2269 1420 2306 Vitebergenses,

336 2316 505 2343 Melanthon
527 2315 676 2353 praefatur
698 2315 727 2342 in
750 2314 834 2342 Tom.
860 2313 914 2341 111.
939 2323 1059 2351 operum
1082 2313 1236 2341 latinorum
1260 2311 1393 2340 Lutheri.

311 2381 316 2387 .
340 2356 508 2387 Conventus
532 2357 694 2393 Grimmae,
716 2357 766 2385 ubi
786 2357 858 2385 liber
880 2357 1071 2394 Agendorum
1095 2365 1244 2384 sacrorum
1270 2354 1499 2392 recognoscitur.

310 2424 316 2430 .
340 2401 512 2430 Declaratio
537 2401 753 2438 Theologorum
776 2400 812 2428 de
834 2400 908 2428 libro
931 2400 1120 2437 Agendorum
1143 2400 1173 2427 in
1196 2402 1341 2427 conventu
1364 2396 1552 2426 Grimmensi.

342 2444 464 2473 Ineunte
488 2445 566 2472 Maio
589 2444 838 2482 Archiepiscopus
861 2443 1050 2480 Moguntinus
1081 2443 1112 2470 in
1134 2441 1310 2480 provinciali
1344 2441 1459 2479 synodo
1487 2439 1613 2468 restituit
1641 2436 1820 2466 ceremonias
1842 2434 1999 2473 papisticas
2022 2443 2041 2462 a
2062 2433 2163 2462 Prote-

376 2488 517 2516 stantibus
539 2487 704 2524 abrogatas.

291 2531 319 2559 9.
345 2531 514 2559 Melanthon
536 2530 661 2558 absolvit
683 2530 767 2558 Tom.
790 2528 844 2558 ΙΙΙ.
867 2538 990 2567 operum
1019 2527 1140 2556 Lutheri
1174 2528 1339 2556 latinorum.
1390 2527 1464 2555 Item
1482 2524 1691 2554 Ptolemaei
1725 2523 1822 2551 libor
1855 2520 2025 2550 absolvitur.
2069 2518 2164 2547 Adest

378 2574 552 2611 Vitebergae
575 2571 596 2601 S
604 2583 621 2600 a
627 2574 643 2601 b
650 2573 660 2601 i
668 2583 685 2600 n
693 2583 712 2601 u
720 2581 734 2601 s
742 2594 749 2607 ,
773 2572 969 2601 Melanthonis
987 2581 1084 2609 gener.
