2299 2921
130 95 195 128 325
281 96 321 130 11.
343 96 529 128 INDICES.
573 96 613 128 H.
636 95 776 128 INDEX
797 95 993 128 EPISTOL.
1012 96 1123 129 PHIL.
1148 96 1252 129 MEL.
1274 96 1616 131 ALPHABETICUS
1640 99 1725 131 PER
1747 100 1892 133 INITIA.

130 189 378 227 Saltzwedel,
401 191 571 220 Senatui:

173 235 246 268 ‘mich
266 235 388 270 Bettdytet
406 235 513 272 Beiget.
539 235 575 270 V,
598 235 668 264 343.

128 275 315 314 Sandero,
338 278 484 306 Autori:

171 319 267 349 Tuum
290 329 404 356 munus,
425 320 466 348 mi
487 321 537 355 A..
557 319 621 348 fuit.
643 318 700 355 ΙΠ,
723 319 793 349 214.

127 360 319 398 Sarcerio,
342 363 509 391 Erasmo:

172 405 295 444 Inspexi
317 407 472 435 conciones
492 410 567 434 tuas.
592 404 662 439 VII,
686 405 756 433 448.

128 446 332 477 Saxonicis
355 450 387 485 (i.
412 459 435 478 e.
458 447 606 476 Saxoniae
623 448 784 483 inferioris)
805 448 1045 477 pastoribus:

171 491 211 519 Et
233 492 446 521 honestissimis
469 491 641 519 civitatibus.
663 489 720 525 IX,
743 492 793 521 61.

170 535 236 563 Etsi
258 535 349 563 multa
365 535 414 563 ita.
437 534 493 569 IX,
517 534 567 563 62.

169 577 233 605 Iam
255 586 348 606 annos
369 578 498 615 triginta.
521 575 577 611 IX,
602 577 651 605 38.

170 620 300 649 Primum
320 630 372 649 oro
395 637 445 648 —.
470 619 586 647 Deinde
608 619 718 656 gratias
739 627 806 656 ago.
830 618 886 655 IX,
911 620 962 649 33.

170 661 239 692 Scio
258 673 304 692 me
322 672 475 700 nusquam.
499 661 556 697 IX,
578 662 628 691 40.

126 704 349 741 Scarabaeo,
373 705 556 742 Georgio:

170 748 258 784 Quod
279 754 337 777 tam
361 749 530 776 verecunde.
550 747 588 782 V,
608 749 679 777 753.

126 789 338 826 Schallero,
362 791 643 820 Bartholomeo:

168 834 208 863 Et
232 844 287 872 ego
309 844 412 863 recens
434 834 534 862 ffliam.
556 832 609 868 VI,
634 834 706 863 498.

170 877 235 906 Etsi
257 879 288 906 in
312 877 367 906 hoc
389 882 470 905 tanto
491 876 631 915 periculo.
656 876 708 910 VI,
733 876 805 906 216.

170 920 236 948 Etsi
258 930 344 958 spero
368 920 463 948 Deum
487 924 677 948 servaturum.
700 918 754 953 VI,
775 919 846 949 241.

169 963 218 991 Ex
240 963 344 992 Isaaco
361 963 422 991 filio
443 966 502 991 tuo.
528 963 564 997 V,
589 963 659 991 295.

169 1006 397 1042 Expectavimus
420 1006 575 1034 adventum
598 1009 679 1032 tuum
696 1003 813 1032 frustra.
836 1003 860 1039 Ι,
885 1004 956 1034 515.

169 1048 247 1076 Filio
270 1048 353 1077 Isaac
375 1049 441 1076 misi
463 1048 631 1076 orationem.
656 1046 709 1081 VI,
733 1046 804 1075 223.

168 1090 272 1119 Frater
294 1091 494 1129 Hieronymus
517 1100 563 1118 ex.
587 1090 612 1125 Ι,
638 1090 708 1118 149.

170 1133 322 1171 Ingenium
346 1135 387 1161 tui
411 1133 535 1170 nepotis.
558 1132 594 1167 V,
620 1133 692 1161 559.

169 1176 278 1213 Ingens
300 1175 358 1204 Dei
382 1176 560 1204 beneficium.
584 1175 622 1209 V,
646 1175 717 1203 479.

168 1217 276 1256 Ingens
298 1218 355 1246 Dei
379 1219 495 1247 donum.
520 1218 558 1252 V,
582 1218 654 1247 456.

170 1261 328 1299 Nunquam
350 1262 480 1290 dubitavi
503 1262 538 1289 de
559 1266 615 1289 tua.
637 1259 678 1293 X,
702 1261 751 1289 43.

169 1303 347 1342 Occupatior
369 1314 442 1337 sum,
466 1314 562 1341 quam.
586 1303 610 1338 I,
637 1304 705 1332 135.

169 1346 264 1384 Saepe
287 1348 358 1375 mihi
376 1348 524 1384 cogitanti.
548 1347 585 1381 V,
608 1346 679 1374 888.

169 1388 201 1418 Si
225 1399 272 1418 res
294 1391 462 1418 domestica.
484 1389 508 1424 Ι,
532 1390 602 1418 516.

169 1433 252 1461 Tuae
273 1433 385 1467 literae,
409 1434 447 1461 mi
471 1433 570 1460 Barth.
594 1432 630 1467 V,
655 1431 725 1461 276.

169 1475 211 1504 Ut
234 1480 329 1503 vestra
351 1477 456 1504 omnia.
481 1475 505 1510 I,
531 1477 600 1504 131.

125 1517 511 1553 Schaller0,1saaco:

168 1561 304 1589 Arbitror
327 1566 479 1598 utramque
501 1564 621 1598 partem.
648 1560 699 1599 Vl,
725 1559 795 1589 242.

168 1602 251 1632 Deus
275 1609 410 1632 aeternus
433 1621 484 1637 —,
506 1604 609 1631 indidit
631 1604 791 1633 hominum.
816 1602 870 1639 VI,
890 1604 961 1634 499.

168 1645 284 1675 Scimus
302 1653 399 1675 autem
424 1652 546 1683 patrem.
569 1646 621 1682 VI,
646 1646 717 1675 846.

124 1687 334 1724 Schallero,
356 1689 476 1718 Iusto:

168 1731 289 1769 Semper
311 1734 341 1761 in
360 1737 518 1769 conspectu
541 1733 633 1760 bonis.
657 1731 698 1768 X,
719 1732 768 1762 4⁶2.

124 1773 335 1810 Schallero,
358 1775 531 1811 Quirinot

169 1817 309 1853 Quotidie
333 1828 398 1846 cum
422 1828 515 1847 mane.
541 1818 593 1853 VI,
618 1819 668 1847 50.

124 1858 363 1897 Schallingo,
387 1861 548 1889 Martin.:

169 1904 241 1932 &uer
261 1903 340 1939 ⁵Brief
363 1904 393 1939 ist
412 1905 465 1933 mit
488 1904 544 1939 {ebt
564 1903 720 1940 angencbm.
744 1903 783 1940 Π,
808 1904 879 1934 977.

123 1943 458 1983 Schellenbergio,
481 1946 768 1984 christophoro:

166 1988 342 2026 Coniugium
364 1990 491 2018 humana
513 1990 622 2018 divina.
645 1988 702 2025 IX,
725 1990 796 2019 913.

122 2030 307 2067 Schenck,
332 2033 479 2061 Iacobo:

166 2073 240 2102 Cum
263 2075 465 2112 intelligerem,
488 2080 556 2103 tam.
579 2074 634 2110 III,
658 2075 730 2105 867.

122 2116 373 2146 Schcuerlino
393 2117 633 2155 (Scheurlio),
657 2116 944 2156 christophoro:

165 2161 203 2188 Et
225 2161 315 2189 virtus
337 2167 396 2195 tua,
421 2166 449 2189 et
471 2161 604 2190 eruditio.
629 2160 654 2195 Ι,
678 2162 727 2189 60.

166 2203 284 2238 Quaeso
302 2208 330 2231 te
350 2214 400 2241 per
422 2204 517 2232 fidem.
538 2203 562 2238 I,
590 2205 658 2233 147.

167 2245 263 2281 Quam
287 2247 391 2274 vellem
416 2257 479 2275 eam
499 2255 563 2275 esse
582 2247 635 2274 vel.
659 2245 683 2280 I,
703 2247 752 2276 68.

166 2288 275 2317 Videor
298 2290 368 2317 mihi
390 2300 455 2319 meo
477 2291 548 2318 iure.
572 2289 596 2322 Ι,
622 2290 672 2318 48.

122 2329 478 2368 Schlaginhauffen‚
504 2332 654 2361 Ioanni:

165 2375 229 2402 Etsi
251 2375 389 2411 cogitatio
411 2377 514 2405 omnis.
536 2376 590 2411 VI,
614 2376 685 2404 435.

166 2417 230 2445 Etsi
252 2417 342 2445 multa
364 2419 517 2456 disputata.
541 2419 579 2453 V,
603 2418 674 2446 420.

164 2460 230 2488 Etsi
249 2461 344 2488 omnis
368 2462 514 2499 cogitatio
534 2461 588 2496 VI,
613 2462 685 2490 434.

121 2501 388 2539 Schleupnero,
415 2504 631 2532 Dominico:

164 2547 245 2574 Bene
264 2551 293 2574 tu
318 2547 443 2583 quidem.
468 2547 518 2584 IV,
539 2547 609 2576 952.

1203 192 1242 220 Et
1264 202 1375 222 morem
1397 202 1494 221 meum
1517 198 1554 223 et.
1578 194 1616 228 V,
1641 195 1691 223 50.

1201 235 1303 276 Χαίρε
1326 234 1460 274 δομίνικε
1480 237 1519 266 ἐν.
1544 237 1597 272 ΙΥ,
1621 238 1694 267 951.

1159 276 1376 314 Schlieben,
1400 279 1601 308 Eustachio
1626 289 1657 308 a:

1203 320 1277 349 Heri
1295 322 1433 358 respondi
1455 322 1555 351 literis.
1579 321 1636 358 IX,
1663 323 1754 352 1042.

1201 363 1363 402 Nunquam
1386 364 1429 392 fui
1450 364 1499 392 hic
1520 365 1551 393 in
1574 366 1687 395 maiori.
1712 365 1769 401 ΙΠ,
1793 367 1864 396 550.

1201 405 1260 442 Qui
1282 408 1320 443 sit
1341 411 1433 435 status
1455 408 1641 445 reipublicae.
1666 408 1719 444 VI,
1744 409 1816 438 774.

1200 447 1233 477 Si
1252 454 1354 487 pastor
1373 450 1423 478 ille
1441 450 1518 479 ideo.
1542 450 1625 485 VIII,
1646 451 1718 481 399.

1158 489 1436 528 Schmedstedt‚
1459 492 1629 522 Henrico
1648 494 1913 532 (Luneburgensi):

1200 534 1239 563 Et
1260 544 1314 564 nos
1337 540 1366 563 et
1388 535 1560 565 Ecclesiam.
1584 536 1638 570 VI,
1664 538 1735 567 421.

1200 576 1322 615 Semper
1344 588 1390 606 me
1412 579 1468 607 hac
1491 579 1701 610 consolatione.
1725 579 1778 613 VI,
1804 581 1876 611 633.

1199 619 1243 649 Ut
1264 621 1400 650 Psalmus
1422 622 1524 658 inquit.
1548 622 1602 657 VI,
1626 623 1698 653 422.

1157 661 1362 701 Schnepfio
1384 662 1600 702 (Schnepp),
1624 666 1806 694 Erhardo:

1200 707 1310 744 Accepi
1333 711 1398 735 tuas
1419 707 1520 736 literas
1539 708 1575 735 de
1597 708 1725 746 Lipsico.
1748 708 1806 745 ΠΙ,
1830 710 1902 739 774.

1200 747 1275 777 Cum
1297 754 1365 777 ante
1387 759 1480 778 annos
1503 751 1665 781 duodecim.
1689 751 1757 788 ΥΠ,
1781 753 1871 782 1004,

1200 791 1274 821 Cum
1298 792 1480 821 tabellarium
1503 794 1541 821 ad
1564 798 1592 821 te
1614 795 1772 832 proprium.
1796 794 1867 830 VII,
1891 795 1962 825 400.

1200 833 1275 863 Cum
1293 844 1378 863 verae
1400 835 1551 864 Ecclesiae
1572 838 1675 865 omnis.
1700 837 1756 873 III,
1782 838 1852 868 700.

1200 877 1294 906 Dabis
1317 878 1432 906 veniam
1453 880 1586 907 moerori.
1609 879 1694 913 VIII.
1722 882 1790 910 171.

1128 907 1133 953 Ι
1200 920 1240 948 Et
1263 921 1355 948 debeo
1378 921 1440 956 tibi,
1463 931 1571 958 genero
1595 927 1654 951 tuo.
1678 922 1763 958 VIII,
1791 924 1860 953 184.

1200 963 1299 991 Etiam
1321 963 1467 993 Pindarus
1491 965 1546 994 hoe
1569 965 1770 994 Homericum.
1793 966 1863 1002 VII,
1887 967 1959 997 491.

1200 1005 1264 1034 Etsi
1288 1006 1359 1034 mihi
1381 1010 1430 1035 tua
1453 1007 1665 1037 benevolentia.
1688 1009 1745 1044 ΙΠ,
1770 1010 1841 1038 358.

1202 1046 1342 1076 Gratulor
1365 1054 1393 1077 et
1414 1049 1610 1078 illustrissimo
1633 1051 1772 1089 Principi.
1795 1051 1835 1087 II,
1860 1052 1932 1082 966.

1200 1089 1287 1118 Hanc
1308 1092 1344 1118 ad
1363 1096 1391 1119 tc
1416 1093 1579 1129 epistolam.
1604 1093 1641 1128 V,
1666 1095 1716 1124 95.

1200 1133 1264 1161 Has
1285 1134 1385 1162 literas
1408 1135 1474 1162 dedi
1496 1135 1666 1166 Laurentio,
1691 1137 1744 1171 IV,
1770 1138 1862 1167 1047.

1200 1175 1258 1204 Hie
1278 1177 1445 1206 tabellarius
1466 1178 1616 1215 flagitavit.
1640 1179 1681 1214 II,
1705 1181 1777 1209 939.

1200 1218 1234 1247 In
1257 1219 1303 1248 his
1325 1221 1493 1257 regionibus
1512 1222 1651 1251 nondum.
1676 1221 1744 1257 VII,
1765 1223 1837 1252 334.

1201 1261 1325 1290 Islebius
1347 1264 1466 1301 scripsit
1488 1264 1724 1301 deprecatricem.
1749 1265 1804 1301 ΙΠ,
1829 1266 1878 1295 56.

1200 1304 1292 1333 Nulla
1314 1305 1344 1333 in
1368 1307 1452 1335 coelo
1475 1307 1551 1334 etin
1574 1309 1667 1336 terris.
1692 1308 1776 1342 VIII,
1804 1309 1850 1338 16.

1200 1347 1304 1385 Nuper
1328 1349 1364 1376 ad
1388 1354 1415 1376 te
1437 1349 1539 1377 literas
1562 1351 1628 1379 misi
1651 1361 1703 1388 per
1727 1352 1828 1380 civem.
1851 1351 1905 1388 VI,
1932 1352 1978 1382 18.

1201 1389 1304 1428 Nuper
1326 1392 1427 1429 scripsi
1449 1393 1501 1420 tibi
1524 1393 1560 1420 de
1581 1394 1662 1423 meis.
1687 1393 1727 1429 H,
1751 1395 1822 1424 786.

1201 1432 1281 1471 Opto
1302 1439 1333 1462 ut
1356 1432 1489 1463 Christus
1512 1436 1652 1472 gubernet
1674 1438 1876 1466 ministerium.
1899 1437 1940 1473 11,
1959 1438 2032 1467 967.

1200 1475 1275 1505 Post
1295 1478 1350 1505 iter
1375 1478 1495 1506 Davidis
1518 1480 1619 1507 nostri.
1642 1479 1712 1515 VII,
1732 1481 1804 1510 408.

1200 1518 1375 1557 Quanquam
1398 1522 1427 1549 in
1450 1522 1505 1549 hoc
1527 1523 1682 1551 communi.
1706 1522 1774 1559 ΥΙΙ,
1799 1524 1870 1554 810

1200 1562 1288 1598 Quod
1311 1573 1369 1591 non
1393 1565 1488 1592 scribo
1506 1566 1632 1608 saepius.
1655 1566 1725 1599 VII,
1753 1567 1843 1596 1133.

1200 1604 1391 1643 Scripsissem
1414 1600 1559 1645 prolixius
1583 1609 1647 1637 nisi.
1671 1608 1727 1643 ΙΙΙ,
1752 1609 1825 1639 425.

1200 1647 1232 1677 Si
1255 1650 1317 1677 fieti
1339 1654 1445 1686 potest,
1470 1651 1594 1680 mallim
1617 1651 1658 1687 ΙΙ,
1682 1653 1754 1682 870.

1199 1690 1303 1720 Statim
1327 1701 1392 1720 cum
1415 1693 1445 1721 in
1468 1694 1649 1731 Tui-ingiam.
1673 1694 1727 1728 IV,
1752 1696 1823 1725 971.

1199 1734 1293 1763 Valde
1317 1736 1454 1771 delector,
1477 1746 1575 1765 amore
1597 1742 1654 1766 tuo.
1682 1737 1739 1773 III,
1766 1739 1834 1768 165.

1155 1775 1443 1814 Schoerckelio,
1468 1778 1726 1817 Sigismundoz

1198 1820 1337 1849 Delector
1359 1831 1443 1850 versu
1467 1823 1625 1861 Euripidis.
1649 1823 1706 1859 IX,
1731 1824 1802 1854 421.

1198 1864 1299 1892 Multis
1322 1865 1428 1902 ubique
1452 1866 1680 1896 difficultatibus.
1704 1866 1773 1903 VH,
1798 1868 1868 1896 544.

1197 1906 1266 1936 Scio
1289 1912 1317 1935 te
1336 1909 1393 1936 iam
1417 1914 1476 1937 tuo.
1502 1909 1569 1944 VII,
1595 1910 1666 1940 654.

1154 1948 1357 1986 Schonero,
1380 1951 1532 1980 Ioanni:

1196 1992 1262 2021 Deo
1284 1995 1395 2030 gratias
1418 2004 1484 2032 ago,
1508 1996 1586 2032 quod
1608 2005 1666 2024 non
1690 1997 1770 2025 sinit.
1794 1996 1831 2031 V,
1855 1996 1928 2027 526.

1153 2034 1380 2072 Schradino,
1404 2037 1555 2066 Ioanni:

1196 2078 1300 2118 Nuper
1323 2081 1426 2118 scripsi
1452 2081 1542 2110 vobis.
1566 2081 1620 2117 IV,
1646 2084 1736 2112 1011.

1123 2092 1394 2159 iSchreibero,
1419 2124 1666 2163 Hieronymo:

1124 2156 1131 2217 Ι
1196 2165 1235 2193 Et
1256 2171 1324 2202 opto
1348 2176 1384 2194 ex
1408 2167 1513 2195 animo.
1537 2168 1574 2202 V,
1601 2169 1669 2197 110.

1195 2207 1347 2237 Fabellam
1367 2210 1403 2237 de
1426 2210 1623 2248 inscriptione.
1648 2211 1685 2245 V,
1711 2211 1778 2240 146.

1196 2249 1291 2279 Grata
1314 2253 1384 2280 mihi
1406 2253 1460 2280 fuit
1484 2254 1614 2290 epistola.
1639 2254 1676 2288 V,
1699 2255 1768 2283 119.

1195 2292 1272 2329 Scio,
1296 2299 1324 2322 tc
1348 2306 1381 2324 ea
1400 2296 1569 2324 eruditione.
1595 2297 1632 2330 V,
1648 2298 1716 2325 138.

1151 2334 1398 2373 Schumanno,
1421 2338 1644 2367 Benedicto:

1194 2379 1324 2409 Difficile
1342 2386 1385 2410 est
1406 2383 1515 2410 recenti
1537 2382 1658 2410 vulneri.
1681 2381 1734 2417 VI,
1761 2382 1831 2412 709.

1194 2422 1279 2452 Hanc
1302 2425 1339 2452 ad
1362 2429 1400 2459 te,
1425 2425 1587 2453 Reverend.
1611 2425 1644 2453 B.
1669 2425 1721 2459 VI,
1747 2426 1817 2454 590.

1194 2466 1322 2494 Partitus
1341 2476 1403 2495 sum
1427 2477 1523 2496 onera.
1548 2467 1588 2501 X,
1613 2470 1662 2497 44.

1150 2505 1362 2545 Schuollio,
1387 2510 1630 2548 Hieronymo:

1193 2551 1256 2580 Etsi
1279 2562 1338 2580 non
1361 2554 1422 2581 scio
1441 2554 1564 2590 penitus.
1587 2553 1655 2589 VII,
1679 2553 1749 2583 297.

2074 103 2140 134 326
