2299 2921
166 129 227 162 101

167 312 221 340 Iul.

169 441 246 477 Aug.

171 1207 251 1248 Sept.

171 1764 237 1795 Oct.

176 2235 206 2265 N
207 2247 252 2265 ov.

176 2535 249 2565 Dec.

946 125 970 156 Ι.
1015 123 1224 157 ANNALES
1254 122 1400 155 VITAE.
2113 120 2176 152 102

390 224 490 254 melben
513 224 567 252 unt>
588 222 715 259 anlagen.
761 221 907 256 burburch
933 221 1099 258 [221betum
1123 219 1324 257 {Bbitipnuss
1354 219 1429 248 einen
1463 216 1564 254 grossen
1584 215 1677 251 gufau
1708 215 1763 244 unt>
1794 213 1917 251 Qtnfebcn
1955 214 1994 244 ὑεῖ
2024 215 2094 245 auen
2118 215 2177 244 (Stes

391 266 493 303 lebrten
517 275 547 304 gu
571 264 758 301 amnemberg.
783 265 834 300 ba&
855 265 886 300 ste
910 266 1027 293 bariiber
1046 264 1119 301 ihtes
1144 264 1231 293 &Item
1252 263 1414 299 gefnugenen
1434 261 1522 294 ‹bertn
1543 260 1604 289 balb
1625 258 1771 295 usserbiugss
1797 257 1957 295 ncrgafienss

285 310 333 339 25.
358 309 536 343 Melanthon,
561 317 625 335 cum
644 307 838 344 Bugenhagio
860 312 888 334 et
910 305 1080 344 Crucigero,
1103 306 1297 343 proficiscitur
1319 304 1516 340 Vitebergam.

289 354 339 382 26.
363 354 417 381 Est
437 351 612 387 Vitebergae
645 349 856 378 deliberaturus
880 349 916 377 de
934 350 1101 377 academiae
1125 348 1231 376 tabulis
1253 348 1332 376 velut
1353 357 1368 375 e
1392 346 1545 382 naufragio
1568 344 1749 382 colligendis.

289 397 338 425 31.
362 395 515 423 Mauritius
537 393 608 421 Dux
632 397 675 420 est
696 392 870 429 Vitebergae
894 398 922 420 et
940 393 1068 420 declarat
1087 401 1117 420 se
1140 392 1318 419 academiam
1339 399 1399 418 non
1420 389 1515 418 solum
1533 393 1724 422 servaturum,
1747 387 1798 414 sed
1820 386 1906 413 etiam
1929 389 2082 413 aucturum
2101 393 2175 414 esse.

309 440 335 467 1.
359 437 426 466 Mel.
446 441 565 465 vocatus
589 440 651 463 erat
670 436 701 462 in
724 434 861 462 Daniam.
881 451 922 456 —
940 435 1122 463 Dialecticen
1145 435 1260 463 retexit.
1283 450 1325 456 ··—-
1348 433 1557 461 Adolescentes
1580 431 1670 468 aliqui
1690 430 1786 467 ipsum
1809 433 1876 457 sunt
1898 429 1999 463 secuti,
2024 437 2097 465 quos
2118 429 2177 457 iam

283 498 287 502 -
393 481 488 515 docet,
511 480 587 507 inter
607 487 681 515 quos
705 478 791 505 etiam
814 477 1055 506 Bartholomaeus
1074 477 1218 511 Lasanus,
1241 475 1433 514 Cygneensis.
1479 475 1559 512 (Vid.
1583 484 1626 511 ep.
1648 474 1674 502 d.
1700 473 1748 501 26.
1771 474 1861 509 Aug.)

290 525 337 552 10.
361 523 494 561 Exponit
515 521 718 557 Meienburgio
739 521 878 554 rationes⁷
902 530 952 547 cur
972 521 1158 557 Vitebergam
1176 519 1304 548 redierit.
1330 536 1369 540 ·›-
1392 518 1546 545 Mauritius
1569 516 1648 551 Dux,
1677 525 1754 544 nunc
1775 515 1902 550 Elector,
1920 515 1949 542 in
1972 523 2085 542 summo
2108 513 2176 541 odio

395 571 456 594 erat
477 565 554 602 apud
571 563 693 592 Lutheri
713 563 847 591 cultores.
893 563 934 590 Hi
958 563 1017 590 fere
1037 572 1138 591 omnes
1167 562 1341 599 gravissime
1364 560 1617 598 reprehendebant
1638 559 1870 591 Melanthonem.
1900 557 1977 594 quod
1995 557 2095 585 Ienam
2116 565 2176 586 non

394 607 574 645 migraverit,
599 607 652 635 sed
674 606 862 642 Vitcbergam
886 606 1011 633 redierit.
1059 606 1219 640 Putabant,
1252 615 1317 632 eum
1339 613 1416 632 nunc
1445 613 1510 632 cum
1532 602 1671 630 Mauritio
1694 607 1770 630 stare
1799 611 1817 629 a
1835 601 1965 638 partibus
1987 599 2123 628 Caesaris
2143 605 2173 627 et-

395 651 558 680 doctrinam
580 649 703 677 Lutheri
723 653 859 676 mutasse.
900 648 1002 676 Multis
1024 649 1112 685 igitur
1136 649 1297 676 amicorum
1318 656 1436 676 suorum
1459 646 1628 674 Melanthon
1652 645 1751 673 scribit
1775 652 1878 672 causas
1902 643 2015 671 consilii
2037 643 2093 671 hoc
2106 646 2177 671 tem-

396 704 477 733 pore,
500 703 524 721 e.
547 702 576 730 g.
601 691 729 729 Aquilae
753 692 779 719 d.
802 691 849 719 29.
868 692 957 728 Aug..
980 690 1103 728 Stigelio
1127 691 1153 719 d.
1181 691 1226 719 18.
1248 689 1324 725 Oct..
1347 688 1516 718 Camerario
1540 689 1567 716 d.
1593 688 1641 716 24.
1665 687 1741 716 Nov.

296 738 342 766 12.
366 737 566 765 Proficiscitur
590 744 654 763 cum
676 734 773 762 Ebero
794 734 940 762 Dresdam
964 735 1000 762 de
1023 734 1174 771 stipendiis
1197 733 1375 762 Academiae
1399 732 1610 760 deliberaturus
1633 740 1698 759 cum
1717 729 1960 764 Cummerstadio,
1983 727 2176 758 Cancellario.

397 797 439 802 --
462 779 593 807 Misenae
622 777 745 815 primum
777 777 849 805 vidit
872 775 1033 814 Georgium
1062 776 1238 804 Fabricium.
1264 793 1300 797 -—
1327 775 1373 803 De
1395 775 1446 803 illo
1473 775 1576 802 itinere
1599 772 1746 811 Georgius
1770 773 1933 808 Fabricius,
1956 771 2065 800 Rector
2087 770 2178 800 Scho-

397 823 443 851 lae
466 821 623 850 Misnensis
643 821 743 849 scribit
763 821 798 848 ad
819 821 985 848 Meurerum
1008 820 1036 848 d.
1062 819 1110 848 22.
1135 820 1212 856 Aug.
1240 820 1348 847 1547.:
1382 818 1459 854 „Iter
1482 817 1538 845 huc
1561 817 1630 845 fecit
1654 817 1728 845 Phil.
1753 816 1839 851 Met,
1863 825 1927 843 cum
1951 824 2007 852 quo
2031 815 2129 843 varios
2150 818 2179 842 et

399 865 483 893 valde
505 865 614 892 amicos
637 873 786 891 sermones
811 864 980 891 habuimus:
1011 862 1115 900 quibus
1142 862 1190 889 ille
1219 861 1350 890 versibus
1375 861 1431 889 hoc
1454 861 1592 897 oppidum
1620 869 1654 887 ac
1676 863 1766 888 totam
1791 859 1889 896 potius
1917 862 2034 895 gentem
2058 857 2177 893 ornarit,

399 908 478 945 leges
502 908 538 935 ad
562 908 650 934 finem
672 906 824 940 itinerum3
856 906 1002 943 quomodo
1025 913 1079 933 nos
1109 914 1175 932 eum
1197 905 1395 942 acceperimus
1425 907 1490 940 pete
1509 913 1526 931 a
1549 903 1658 931 Blasio.
1704 903 1750 930 De
1783 901 1885 930 schola
1906 901 2110 938 Vitebergensi
2132 901 2176 929 in-

396 951 554 980 stauranda
576 950 715 986 optimam
738 958 769 976 se
792 958 873 986 spem
896 949 1003 977 habere
1021 948 1186 981 affirmavit,
1209 947 1245 974 de
1269 956 1326 983 qua
1348 946 1499 975 Calcariae
1525 946 1608 982 [villa
1620 945 1796 980 Kalkreuth,
1821 954 1912 982 prope
1931 943 2080 982 Haynam,
2103 953 2178 982 quae

396 1000 457 1023 tum
479 993 533 1021 fuit
555 992 794 1028 Cummerstadii]
819 992 856 1019 D.
879 990 1142 1019 Cummerstadium
1167 990 1331 1018 convenit.“
1379 989 1480 1023 (Edita
1499 994 1541 1016 est
1560 989 1643 1026 epist.
1666 989 1696 1016 in
1719 997 1815 1025 progr.
1840 987 1950 1015 Nobbii
1973 997 2000 1024 p.
2028 987 2091 1024 16.)

293 1037 342 1067 20.
366 1038 433 1065 Mel.
457 1037 562 1064 iterum
587 1040 630 1062 est
653 1035 837 1070 Vitebergae.
862 1051 904 1055 —
927 1034 1033 1062 Adhuc
1057 1033 1233 1060 deliberatur
1257 1033 1292 1060 de
1316 1032 1454 1060 reditibus
1477 1032 1664 1059 Academiae.

292 1081 342 1110 27.
365 1080 455 1108 Mittit
478 1078 627 1107 Psalmum
651 1077 933 1114 quinquagesimum,
957 1076 1085 1104 carmine
1108 1076 1263 1105 redditum.
1286 1091 1327 1094 —
1350 1074 1514 1102 Dialectica
1534 1074 1690 1102 recuditur.

292 1125 342 1152 31.
366 1122 493 1151 Advenit
523 1121 629 1148 coniux
658 1119 871 1155 Melanthonis,
898 1120 949 1147 sod
981 1128 1051 1147 mox
1079 1117 1260 1147 Northusam
1290 1118 1392 1153 rediit,
1423 1118 1471 1145 ubi
1495 1118 1663 1145 versabatur
1686 1116 1883 1144 Melanthonis
1906 1115 2033 1150 familia,
2056 1119 2180 1153 excepto

396 1165 469 1196 filio.
494 1173 578 1201 quem
602 1171 699 1190 secum
723 1162 846 1190 duxerat
870 1162 1067 1199 Vitebergam.

317 1210 342 1237 1.
367 1207 546 1237 Dialectices
566 1215 672 1233 novam
697 1206 853 1234 editionem
873 1206 951 1233 dicat
974 1205 1075 1233 Ioanni
1099 1204 1279 1239 Camerario,
1303 1203 1444 1232 Ioachimi
1466 1203 1536 1231 filio.
1560 1221 1599 1224 -ψ
1620 1201 1803 1231 Camerarius
1826 1201 1949 1229 adornat
1969 1210 2104 1238 graecam
2117 1209 2182 1229 ver-

394 1251 506 1280 sionem
529 1250 721 1286 Augustanae
744 1247 953 1277 Cont'essionis.
979 1265 1018 1270 —
1043 1247 1161 1275 Initium
1186 1252 1346 1276 conventus
1371 1246 1544 1283 Augustani.

313 1294 340 1322 2.
364 1294 520 1322 Theodoro
543 1292 654 1325 scribit⁷
677 1292 822 1327 quomodo
847 1292 1036 1320 concionator
1055 1291 1226 1318 iniustitiam
1251 1290 1355 1318 summi
1380 1290 1569 1326 magistratus
1594 1293 1696 1316 taxare
1715 1288 1827 1316 debeat.

313 1338 341 1366 5.
364 1337 548 1374 Expectatur
570 1334 698 1362 Mam-itii
728 1335 876 1362 decretum
908 1335 942 1362 de
966 1335 1135 1362 Academia.
1160 1350 1200 1355 -—
1225 1333 1398 1362 Melanthon
1429 1331 1560 1369 Georgio
1589 1331 1750 1360 Anhaltino
1780 1330 1935 1359 conscribit
1963 1329 2114 1367 epistolam
2144 1328 2179 1357 ad

396 1378 627 1408 Granvellanum
651 1377 830 1405 mittendam.

313 1423 340 1451 9.
364 1422 485 1460 Aliquot
509 1421 571 1449 dies
595 1424 638 1448 est
660 1420 737 1457 apud
759 1419 927 1458 Principem
950 1420 1120 1448 Ascanium.

295 1467 342 1494 13.
367 1465 434 1493 Mel.
457 1465 495 1493 ad
517 1463 664 1492 Alesium:
691 1461 821 1500 „Scripsi
840 1464 869 1491 in
894 1464 938 1491 his
959 1463 1111 1491 itineribus
1130 1462 1249 1490 aestivis
1271 1466 1407 1498 tanquam
1430 1460 1544 1489 tabulas
1556 1460 1730 1495 testamenti,
1753 1460 1782 1487 in
1796 1459 1900 1497 quibus
1919 1458 2018 1497 palam
2031 1458 2067 1486 de
2089 1457 2181 1486 omni—

395 1508 448 1536 bus
472 1506 677 1535 controversiis
701 1515 788 1534 narro
813 1507 882 1543 quid
905 1507 1039 1541 sentiam,
1065 1510 1093 1533 et
1117 1505 1269 1534 obscurius
1292 1504 1399 1533 alicubi
1423 1504 1500 1532 dicta
1523 1504 1667 1540 explico.“

295 1552 341 1580 18.
364 1549 491 1579 Sabinus
510 1554 554 1577 est
576 1550 606 1577 in
628 1549 732 1576 itinere
754 1549 792 1576 ad
814 1550 1033 1577 Melanthonem
1056 1558 1121 1577 cum
1144 1548 1279 1576 omnibus
1302 1548 1411 1576 liberis.
1434 1563 1477 1567 -
1500 1547 1617 1584 Accipit
1637 1546 1781 1580 nuntium³
1805 1554 1927 1574 uxorem
1949 1554 2031 1572 suam
2050 1543 2180 1572 Northu-

396 1603 445 1621 sae
468 1592 640 1631 gravissime
660 1596 821 1629 aegrotare.
868 1592 914 1620 Ex
938 1602 1079 1627 moerore,
1103 1596 1245 1629 concept-o
1269 1601 1306 1619 ex
1330 1591 1437 1628 iniquis
1460 1590 1574 1618 iudiciis
1594 1590 1630 1618 de
1653 1599 1684 1618 se
1707 1589 1835 1626 undique
1857 1588 1976 1626 sparsis,
1997 1587 2096 1615 animo
2119 1597 2180 1615 ma-

395 1637 441 1674 gis
463 1644 550 1674 quam
573 1644 695 1672 corpore
717 1634 876 1664 laborabat.

367 1680 491 1708 Mittitur
513 1678 591 1706 filius
615 1677 682 1706 Mel.
705 1678 742 1705 ad
766 1683 904 1713 matrem,
932 1688 1016 1715 quem
1040 1687 1109 1706 mox
1133 1678 1264 1714 sequitur
1286 1676 1456 1704 Melanthon
1480 1677 1544 1714 ipse
1567 1676 1652 1705 simul
1673 1685 1738 1704 cum
1761 1673 1914 1710 Sabino,
1939 1674 1989 1711 qui
2013 1673 2179 1702 advenerat.

367 1723 501 1751 Exeunte
520 1730 619 1750 mense
643 1726 687 1749 est
710 1720 889 1755 Northusac,
913 1722 961 1749 ubi
983 1726 1177 1749 commoratus
1201 1725 1243 1748 est
1265 1729 1356 1756 usque
1379 1720 1417 1747 ad
1440 1720 1466 1748 d.
1493 1720 1519 1747 8.
1545 1717 1612 1748 Oct.

321 1767 348 1796 6.
371 1765 541 1794 Northusae
564 1768 606 1792 est
629 1773 693 1792 cum
717 1762 836 1793 Sabino.
870 1782 908 1785 —
931 1765 1099 1793 Erotemata
1123 1764 1287 1792 dialecitces
1309 1763 1488 1801 prodierunt.

367 1809 457 1837 Mittit
479 1808 610 1845 Georgio
634 1807 794 1836 Anhaltino
817 1808 977 1836 orationem
1001 1808 1037 1835 de
1062 1807 1155 1835 verbis
1180 1806 1264 1834 Pauli
1291 1808 1303 1834 1
1328 1806 1456 1834 Timoth.
1481 1807 1512 1840 4,
1538 1807 1584 1834 13.
1612 1804 1746 1840 „attende
1770 1804 1907 1832 lectioni“
1933 1807 1986 1831 etc.

294 1853 343 1881 10.
367 1851 434 1880 Mel.
457 1852 561 1880 iterum
587 1854 630 1878 est
652 1850 835 1888 Vitebergae.

297 1896 343 1924 16.
366 1894 606 1922 Instauratio
641 1893 873 1922 Academiae.
896 1910 937 1913 —
967 1893 1035 1922 Mel.
1066 1893 1169 1921 indicit
1201 1893 1414 1921 enarrationem
1449 1891 1588 1929 epistolae
1617 1891 1653 1918 ad
1688 1889 1880 1918 Colossenses
1910 1889 1936 1916 d.
1968 1888 2016 1916 24.
2045 1887 2108 1916 Oct.
2139 1888 2181 1916 in-

397 1937 569 1965 choandam.

369 1979 493 2008 Sabinus
514 1979 589 2007 redit
611 1979 846 2016 Regiomontum.

299 2024 344 2052 18.
368 2023 436 2051 Mel.
461 2022 560 2050 scribit
584 2021 773 2056 Norfflusam,
797 2027 827 2049 ut
850 2022 959 2050 familia
981 2023 1080 2050 veniat
1101 2022 1297 2059 Vitebergam.

368 2066 439 2094 Tria
461 2065 554 2093 millia
574 2065 775 2102 exemplorum
794 2065 958 2093 dialectices
978 2066 1093 2093 vendita
1115 2069 1196 2099 sunt3
1220 2074 1310 2102 quare
1327 2065 1384 2092 iam
1404 2063 1559 2091 recuditur.

295 2109 343 2137 24.
365 2108 487 2136 Inchoat
509 2108 648 2136 lectiones
670 2108 809 2145 publicas.

296 2152 345 2182 26.
370 2150 491 2180 Scribit:
518 2151 702 2188 „Dialectica
722 2151 883 2184 recuditur3
907 2151 961 2178 etsi
979 2160 1038 2179 non
1062 2150 1153 2178 multa
1176 2154 1265 2185 muto,
1288 2151 1385 2178 tamen
1409 2150 1497 2178 editio
1521 2148 1664 2187 posterior
1687 2147 1868 2175 emendatior
1893 2146 1974 2175 erit.“
2000 2163 2040 2167 —-
2062 2144 2179 2182 „Hodie

397 2195 535 2232 respondi
558 2194 707 2232 Episcopo
729 2193 944 2228 Cantuariensi,
968 2194 1017 2230 qui
1041 2203 1087 2221 me
1109 2194 1138 2221 in
1163 2193 1301 2230 Angliam
1325 2195 1437 2220 vocat.“
1464 2210 1503 2213 -
1526 2192 1712 2221 Camerarius
1735 2191 1809 2218 redit
1830 2189 1972 2227 Lipsiam.

319 2239 347 2266 4.
371 2238 504 2274 Rogatus
527 2247 545 2265 a
567 2237 750 2265 scholasticis
770 2242 884 2264 enarrat
908 2236 1066 2264 Proverbia
1089 2235 1264 2265 Salomonis.

298 2281 344 2308 10.
368 2281 457 2308 Mittit
478 2281 578 2309 amicis
602 2289 719 2308 carmen
744 2280 779 2307 dc
803 2279 905 2317 eclipsi
928 2279 1011 2308 solis.

298 2324 344 2352 13.
367 2321 487 2351 Gratias
510 2324 571 2360 agit
591 2323 667 2360 Regi
689 2321 814 2357 Daniae.
839 2332 856 2350 a
880 2332 937 2359 quo
962 2323 1001 2350 50
1026 2321 1219 2350 Ioachimicos
1242 2322 1320 2350 dono
1340 2326 1498 2359 acceperat.

298 2367 346 2395 19.
369 2365 423 2394 Est
445 2365 574 2404 Lipsiae.

295 2408 344 2436 24.
369 2407 476 2436 Iterum
500 2414 620 2437 vocatus
645 2414 688 2436 cst
711 2417 728 2435 a
746 2407 916 2436 Mai-chione
939 2407 1074 2435 Electore
1098 2407 1127 2435 in
1152 2408 1341 2436 Academiam
1364 2407 1564 2439 Francoford„
1586 2406 1632 2434 cui
1655 2405 1681 2433 d.
1707 2405 1755 2433 ⁶25.
1780 2403 1858 2432 Nov.
1882 2403 2040 2440 respondit.

296 2450 346 2480 29.
368 2450 414 2479 Dc
437 2452 614 2480 Academiae
639 2451 779 2480 reditibus
809 2457 838 2478 et
867 2451 1018 2488 stipendiis
1049 2450 1201 2479 doctorum
1231 2451 1358 2479 nondum
1390 2450 1578 2479 constitutum
1602 2452 1653 2476 est.
1700 2448 1809 2475 Aberat
1837 2446 1988 2474 Mauritius
2011 2446 2128 2475 Elector
2146 2447 2177 2474 in

399 2493 554 2522 Conventa
576 2495 757 2532 Augustano.
910 2509 924 2519 .

317 2536 343 2564 2.
367 2536 402 2564 In
425 2537 525 2565 schola
547 2539 650 2574 repetit
669 2536 881 2565 confessionem
904 2536 1054 2564 doctrinae
1077 2546 1199 2574 eamque
1222 2537 1344 2574 opponit
1366 2536 1490 2564 decretis
1509 2534 1620 2572 Synodi
1642 2533 1839 2562 Tridentinae.

296 2580 342 2607 13.
368 2579 455 2608 Nova
475 2581 562 2608 editio
587 2580 754 2608 dialectices
775 2579 908 2607 absoluta
931 2583 982 2613 est,
1005 2579 1035 2607 in
1054 2588 1111 2616 qua
1133 2580 1278 2616 quaedam
1297 2580 1426 2608 mutavit.
