2299 2921
163 111 205 143 37
941 106 965 138 1.
1009 105 1219 138 ANNALES
1243 103 1389 136 VITAE.
2123 105 2167 139 38

385 204 557 233 tholicorum
581 203 734 230 emendant
758 202 848 239 (apud
872 198 973 240 Chytr.
998 212 1024 239 p.
1050 202 1109 230 253
1119 202 1145 230 b.
1183 200 1354 229 Muellerum
1379 210 1406 237 p.
1432 200 1503 228 793.
1543 197 1669 228 coelest.
1691 198 1747 227 111.
1769 209 1798 236 p.
1824 200 1897 228 47b.
1942 199 2056 230 Walch.
2079 200 2168 231 XVI.

163 293 241 329 Aug.
280 290 329 320 23.
352 258 442 319 'regni
471 289 507 316 ab
533 248 657 324 iuraque
692 292 773 324 parte
803 287 949 324 eliguntur
977 289 1009 324 (a
1031 286 1209 315 Catholicis:
1233 285 1342 314 Bernh.
1366 285 1401 313 ab
1424 284 1529 322 Hagen
1552 284 1716 313 Cancellar.
1738 282 1934 319 Coloniensis,
1956 284 2039 314 Hier.
2065 285 2165 315 Vehus

388 331 517 361 cancell.
542 330 678 363 Badens.,
700 335 729 356 et
747 329 789 357 Io.
815 329 940 364 Eckius3
969 340 986 357 a
1008 329 1199 358 Lutheranis:
1230 327 1321 365 Greg.
1341 328 1501 362 Fontanus,
1524 325 1635 356 Sebast.
1661 327 1798 356 Hellerus
1821 332 1848 354 et
1871 327 1944 355 Phil.
1968 327 2165 364 Melanthon),

387 378 420 402 ut
442 374 477 401 de
499 374 544 408 iis,
567 373 603 400 de
627 372 730 409 quibus
754 373 883 400 nondum
906 377 1091 407 convenerat,
1111 372 1232 400 ulterius
1256 371 1461 408 colloquantur
1485 373 1543 407 (bet
1563 375 1701 407 geenqette
1715 370 1880 406 Ἡυόἷώιιῇ).
1905 386 1947 390 —
1969 372 2166 407 (Argumenta

387 417 608 453 colloquiorum,
631 423 722 451 usque
740 415 777 442 ad
799 415 826 443 d.
853 416 902 443 31.
927 417 1001 452 Aug.
1027 420 1254 452 proti-actorum,
1282 418 1381 441 narrat
1402 413 1558 441 Muellerus
1581 423 1609 451 p.
1634 414 1703 442 801.
1736 418 1764 441 et
1785 423 1821 441 ex
1845 422 1879 441 eo
1904 412 2055 441 Walchius
2078 412 2163 443 XVI.

410 480 416 486 .
444 459 523 487 1733
548 475 590 478 —
616 458 722 493 1748.)

279 503 328 532 26.
353 469 419 530 ΜΞΙ.
443 502 613 530 sententiam
637 509 718 528 suam
741 499 832 527 literis
856 500 973 527 mandat
995 500 1029 527 de
1051 500 1157 527 Buceri
1180 499 1311 527 doctrina
1333 499 1368 526 de
1390 507 1413 528 s.
1437 508 1535 527 coena.

353 544 497 572 Lutherus
520 544 622 572 Ioanni
642 542 779 576 Electori,
803 542 993 577 Melanthoni,
1012 542 1163 580 Spalatino
1178 547 1205 570 et
1216 542 1306 569 Ionae
1319 541 1427 576 scribit,
1440 542 1510 578 quid
1521 546 1627 569 statuat
1639 542 1674 569 de
1696 540 1902 569 conciliatione
1915 550 1979 569 cum
1992 540 2164 570 Catholicis.

277 587 327 616 28.
350 587 467 616 Delecti
489 597 507 614 a
529 590 611 623 parte
638 585 871 613 Lutheranorum
903 594 999 619 suam,
1028 595 1114 622 quam
1144 585 1235 612 velint
1257 592 1377 621 prorsus
1407 588 1521 619 tencre,
1550 584 1722 612 sententiam
1747 584 1936 621 perscriptam
1964 585 2081 612 tradunt
2110 582 2166 612 Ca-

387 630 514 663 tholicis,
538 629 693 665 interprete
716 627 860 664 Gregorio
885 628 1028 663 Pontano,
1050 634 1081 655 ut
1103 628 1224 655 videtur.
1260 627 1349 663 (Vide
1371 627 1453 654 illam
1474 628 1503 654 in
1533 637 1600 664 opp.
1624 626 1710 656 Luth.
1736 636 1825 664 germ.
1852 627 1946 654 Viteb.
1966 626 2020 655 IX.
2045 637 2073 664 p.
2095 627 2166 656 462.

388 672 450 701 Ien.
474 671 510 699 V.
541 671 611 699 283.
645 670 761 699 Altenb.
786 670 822 700 V.
855 671 924 699 237.
958 670 1038 708 Lips.
1068 670 1138 698 XX.
1163 670 1233 698 225.
1268 669 1335 697 Hal.
1365 669 1448 697 XVI.
1477 670 1564 698 1749.
1603 670 1679 706 apud
1703 668 1805 706 Chytr.
1837 679 1863 707 p.
1889 669 1960 698 273.
1994 670 2166 698 Muellerum

387 725 415 752 p.
441 714 510 742 821.
534 720 562 741 et
584 713 672 741 latine
694 713 770 750 apud
790 712 916 741 Coelest.
941 714 994 741 III.
1007 723 1034 750 p.
1056 714 1094 742 59
1104 713 1131 741 b.
1155 718 1183 740 et
1206 712 1283 750 apud
1302 712 1578 740 Foerstemannum:
1603 713 1701 747 ercbiv
1722 714 1766 747 fiir
1790 714 1830 742 bie
1853 713 1998 749 &estivitbte
2016 714 2062 742 ber
2081 714 2166 748 firmi.

388 757 579 791 fflefotmation
604 765 636 785 ze.
662 766 689 793 p.
717 756 774 783 120
799 757 832 792 f.)

280 799 330 828 29.
354 800 420 827 Mel.
444 799 574 827 Luthero
597 799 711 833 scribit,
735 799 803 835 quid
826 799 1001 826 adversariis
1025 798 1144 826 concedi
1168 806 1254 835 posse
1276 801 1366 834 putet.
1385 814 1426 818 —
1445 796 1699 834 Norinbergenses
1721 798 1751 825 in
1775 797 1992 826 Melanthonem
2016 798 2100 826 valde
2122 799 2166 827 in·

388 842 512 877 vehunt,
535 842 613 878 quod
635 841 789 879 Episcopis
811 841 1039 869 iurisdictionem
1062 845 1204 869 servatam
1229 840 1313 874 velit,
1337 844 1365 867 et
1387 840 1558 868 adversariis
1580 840 1699 868 nimium
1719 841 1810 868 cedat.

280 886 330 913 30.
354 884 466 912 Finitur
479 884 653 921 colloquium
673 893 724 912 sex
737 883 924 918 delectorum,
938 888 965 911 et
977 883 1120 912 Catholici
1138 882 1258 910 Caesari
1276 887 1403 917 narrant,
1425 883 1493 919 quid
1506 883 1639 910 effectum
1653 884 1697 910 sit.
1721 883 1804 919 (vid.
1818 882 1975 912 Coelestin.
1989 883 2043 912 111.
2057 894 2084 921 p.
2100 885 2165 922 59.)

281 928 331 956 31.
356 927 424 955 Mel.
444 936 507 955 sese
531 932 651 955 excusat
669 926 838 955 Camerario
862 931 897 954 de
921 926 1171 954 criminationibus
1194 924 1484 961 Norinbergensium.

164 968 244 1008 Sept.
290 971 329 1001 34.
352 969 551 998 Cancellarius
574 969 714 1006 Episcopi
736 968 907 997 Leodiensis
929 969 1063 1006 privatim
1087 968 1148 1005 agit
1171 976 1236 995 cum
1260 967 1446 995 Melanthone
1469 968 1505 996 de
1527 968 1767 996 reconciliatione
1786 969 1922 1006 partium.

302 1013 329 1040 5.
352 1012 419 1041 Mel.
445 1014 471 1040 ei
493 1013 657 1049 respondet.

303 1056 329 1083 7.
353 1055 421 1083 Mel.
445 1064 562 1089 causas,
587 1064 636 1082 cur
660 1054 765 1081 missae
789 1054 917 1090 privatae
938 1053 1005 1080 ferri
1028 1062 1086 1081 non
1110 1053 1238 1089 possint,
1262 1053 1370 1089 scripto
1394 1053 1602 1090 complectitur.

357 1096 467 1124 Caesar
490 1098 686 1124 Protestantes
709 1100 857 1130 convocat,
881 1096 1021 1132 promittit
1040 1095 1210 1129 concilium,
1236 1095 1286 1122 sed
1310 1095 1452 1131 postulat,
1476 1099 1506 1123 ut
1526 1096 1624 1123 omnia
1646 1096 1760 1123 interim
1785 1096 1814 1123 in
1838 1101 1944 1124 statum
1974 1097 2099 1133 priorem
2122 1107 2166 1125 re-

388 1140 516 1168 stituant.
542 1138 687 1175 (Mueller.
710 1148 736 1174 p.
763 1138 822 1165 842
848 1142 926 1174 sqq.)

303 1183 331 1210 5).
351 1181 550 1209 Protestantcs
572 1181 752 1218 respondent
775 1180 894 1208 Caesari
918 1181 954 1208 ad
977 1190 1026 1214 ea,
1051 1190 1126 1217 quae
1150 1180 1178 1208 d.
1203 1181 1230 1208 7.
1251 1178 1329 1217 Sept.
1352 1180 1425 1217 ipsis
1450 1185 1650 1218 proposuerat,
1674 1181 1832 1218 interprete
1856 1181 1996 1208 PontanO.
2020 1181 2167 1219 (Mueller.

388 1234 415 1261 p.
439 1225 498 1253 849
519 1233 582 1261 sqq.
604 1223 823 1251 Foerstemann.
847 1233 875 1260 p.
904 1224 986 1259 139.)

285 1268 331 1295 10.
354 1267 437 1295 Hier.
460 1267 575 1301 Vehus,
599 1264 797 1294 cancellarius
818 1266 975 1300 Badensis,
1005 1265 1139 1293 pontano
1163 1270 1191 1292 et
1213 1265 1394 1293 Melanthoni
1417 1266 1543 1300 indicat,
1573 1274 1604 1293 se
1627 1270 1654 1293 et
1677 1264 1839 1303 Georgium
1865 1266 2027 1295 Truchsess
2051 1267 2167 1296 uberius

389 1319 454 1337 cum
475 1310 511 1338 iis
533 1319 617 1346 agere
641 1309 714 1336 velle
738 1309 772 1335 de
797 1308 1008 1335 conciliatione.
1033 1308 1180 1344 (Mueller.
1204 1318 1232 1345 p.
1257 1308 1317 1336 866
1340 1317 1402 1345 sqq.
1432 1308 1592 1337 Foerstem.
1616 1319 1642 1346 p.
1670 1310 1727 1337 155
1751 1311 1830 1346 sqq.)

282 1352 328 1381 12.
351 1352 475 1380 Ioannes
497 1352 663 1379 Fridericus
686 1351 756 1379 Dux
780 1350 848 1378 Sax.
871 1351 1032 1388 digreditur
1054 1352 1197 1388 Augusta.

284 1396 331 1423 13.
355 1393 502 1432 Georgius
524 1395 687 1423 Truchsess
709 1404 726 1421 a
749 1393 900 1431 Walbmg,
923 1393 1059 1422 Caesaris
1077 1392 1284 1428 consiliarius,
1315 1397 1347 1421 ut
1369 1393 1530 1430 periculum
1560 1394 1804 1422 reconciliationis
1832 1394 1934 1429 faciat,
1965 1395 2105 1433 scriptum
2137 1396 2168 1424 in

387 1438 464 1465 hunc
485 1438 571 1465 finem
595 1438 787 1473 compositum
812 1435 952 1473 Georgio,
974 1437 1136 1465 Marchioni
1157 1436 1332 1471 Brandenb„
1356 1437 1453 1471 tradit,
1473 1437 1521 1473 qui
1543 1437 1615 1464 illud
1638 1437 1755 1465 exhibet
1773 1437 1876 1465 Ioanni
1895 1437 1971 1466 Dnci
1990 1437 2057 1467 Sax.
2076 1438 2167 1467 Elect-

389 1480 503 1516 (Edidit
523 1480 595 1507 illud
616 1480 780 1516 germanice
804 1480 961 1507 Muellerus
983 1490 1009 1517 p.
1035 1481 1114 1513 875..
1138 1480 1299 1508 versionem
1324 1480 1385 1508 eius
1405 1479 1523 1507 latinam
1543 1479 1651 1508 habent
1680 1479 1780 1518 Chytr.
1805 1490 1832 1517 p.
1858 1482 1928 1509 318.
1953 1485 1981 1508 et
2008 1480 2166 1512 Coelestin.

388 1522 442 1549 111.
467 1532 492 1559 p.
520 1523 585 1556 78„
610 1532 624 1549 e
646 1532 703 1558 quo
727 1522 800 1550 illud
818 1522 847 1549 in
871 1523 1065 1559 germanicam
1094 1523 1223 1559 linguam
1246 1523 1330 1550 vertit
1357 1522 1472 1551 Walch.
1502 1523 1531 1550 in
1556 1532 1621 1560 opp.
1646 1522 1733 1550 Luth.
1757 1522 1841 1551 XVI.
1864 1533 1892 1560 p.
1918 1524 2009 1552 1825.
2034 1541 2073 1546 —
2098 1525 2167 1553 Mis-

388 1574 451 1592 sum
475 1568 518 1592 est
540 1564 669 1593 Luthero
694 1569 719 1592 et
740 1565 775 1592 ab
799 1574 833 1592 eo
856 1566 1006 1593 remissum
1030 1575 1094 1593 cum
1118 1566 1195 1593 notis
1213 1566 1243 1593 in
1267 1566 1405 1603 margine,
1427 1575 1502 1603 quae
1524 1566 1603 1594 dedit
1626 1565 1809 1594 Coelestinus
1828 1565 1846 1594 1.
1870 1566 1902 1602 l.)

355 1607 421 1635 Mel.
440 1607 610 1644 gravissime
629 1608 848 1644 reprehenditur
872 1618 889 1635 a
912 1608 1207 1645 Norinbergensibus.

283 1651 329 1679 14.
352 1650 419 1678 Mel.
450 1655 606 1687 occupatus
631 1655 673 1678 est
703 1651 732 1677 in
752 1651 920 1678 adornanda
947 1651 1083 1688 apologia
1111 1653 1235 1687 August..
1264 1651 1464 1679 confessionis.
1489 1669 1531 1672 —
1554 1651 1679 1680 Ioannes
1702 1651 1868 1680 Fridericus
1893 1650 1963 1680 Dux
1991 1649 2059 1681 Sax.
2088 1653 2167 1681 venit

386 1692 563 1729 Coburgum.

284 1736 331 1765 17.
354 1735 497 1773 Theologi
528 1735 754 1763 Protestantium
778 1745 859 1763 suam
889 1737 1069 1773 perscribunt
1092 1737 1265 1764 sententiam
1294 1737 1329 1764 de
1361 1737 1407 1764 via
1429 1736 1641 1765 conciliationis
1665 1746 1682 1764 a
1710 1737 1905 1765 Truchsessio
1934 1742 2101 1766 monstrata.
2126 1755 2167 1759 —-⁴

389 1778 451 1815 (Ad
475 1779 595 1806 eandem
619 1788 679 1806 rem
703 1779 824 1815 pertinet
849 1778 992 1815 §palatini
1016 1780 1154 1807 iudicium
1178 1779 1307 1816 Principi
1330 1779 1457 1807 Electori
1481 1780 1597 1814 factum,
1623 1780 1730 1807 editum
1754 1790 1771 1806 a
1794 1779 1941 1817 Cypriano
1962 1781 2006 1808 in:
2032 1782 2167 1817 ’Beilagen

387 1829 432 1859 flur
450 1821 567 1854 „pistorie
586 1825 632 1849 Pet
656 1821 764 1857 Qlugssb.
790 1821 945 1857 OEout‘esslon
966 1832 992 1859 p.
1020 1822 1100 1857 206„
1124 1823 1278 1859 repetitum
1297 1822 1347 1850 scd
1372 1822 1443 1850 satis
1466 1823 1603 1850 mendose
1627 1832 1644 1849 a
1668 1822 1802 1850 Walchio
1825 1824 1854 1850 in
1879 1833 1944 1860 opp.
1970 1823 2057 1853 Luth.
2082 1823 2166 1853 XVI.

390 1873 417 1900 p.
444 1864 533 1892 1830.
581 1864 792 1900 Autographon
811 1862 955 1901 Spalatini
975 1870 1017 1893 est
1036 1865 1065 1892 in
1088 1865 1193 1893 Tabul.
1218 1865 1318 1893 Vinar.
1343 1864 1416 1902 Reg.
1439 1864 1472 1892 E.
1496 1865 1546 1893 fol.
1572 1866 1620 1893 37.
1644 1875 1691 1893 no.
1717 1866 1743 1893 2.

282 1905 331 1934 21.
355 1905 476 1934 Hieron.
502 1906 617 1941 Velius,
639 1906 841 1935 Cancellarius
865 1907 1018 1942 Badensis,
1041 1908 1144 1935 iterum
1166 1908 1263 1935 media
1287 1908 1498 1937 conciliationis
1521 1909 1674 1946 proponit,
1701 1909 1751 1936 sed
1778 1908 1892 1937 frustra.
1917 1908 2166 1946 (Declarationem

388 1948 613 1976 Protestantium
638 1949 717 1976 dedit
739 1949 862 1977 Coelest.
883 1949 935 1977 111.
960 1961 987 1987 p.
1016 1951 1098 1986 136.)

279 1991 327 2019 22.
352 1990 515 2028 Imperator
539 1992 723 2028 congregatis
746 1991 978 2020 Protestantibus
1001 1994 1123 2030 primam
1144 1994 1268 2021 formam
1291 2002 1423 2022 recessus
1445 1994 1573 2030 imperii,
1597 1998 1629 2021 ut
1650 1998 1768 2027 vocant,
1795 1995 1935 2031 proponit
1964 2004 2016 2032 per
2041 1993 2166 2023 Frideri-

388 2043 463 2067 cum,
486 2033 627 2061 Comitem
652 2034 825 2063 Palatinum.
871 2036 959 2071 (Vide
981 2045 1126 2065 recessum
1150 2037 1179 2064 in
1202 2046 1269 2073 opp.
1293 2036 1378 2064 Luth.
1399 2046 1488 2074 germ.
1517 2037 1611 2064 Viteb.
1633 2036 1687 2065 IX.
1709 2037 1780 2065 450.
1811 2036 1871 2064 Ien.
1896 2037 1930 2065 V.
1957 2037 2026 2066 282.
2048 2038 2165 2066 Altenb.

390 2077 426 2105 V.
454 2076 523 2104 235.
557 2075 637 2114 Lips.
662 2076 730 2104 XX.
756 2076 827 2104 224.
862 2077 929 2106 Hal.
952 2078 1035 2106 XVI.
1065 2081 1154 2108 1848.
1189 2079 1276 2116 Apud
1300 2078 1400 2116 Chytr.
1425 2080 1537 2116 p.296.
1573 2080 1744 2107 Muellerum
1764 2090 1791 2116 p.
1806 2079 1874 2107 895.
1898 2095 1941 2099 —-
1961 2079 2066 2108 Latine
2088 2081 2166 2118 apud

389 2118 513 2146 Coelest.
537 2118 591 2146 III.
616 2120 682 2147 137.
703 2124 729 2146 et
751 2118 884 2147 Goldast
909 2119 1033 2150 Constit.
1057 2122 1162 2159 Imper.
1186 2133 1214 2159 p.
1239 2123 1324 2158 509.)
1349 2139 1388 2142 —
1414 2122 1622 2156 Protestantes‚
1646 2123 1800 2158 interprete
1824 2122 1972 2157 Pontano,
1995 2128 2109 2160 rogant,
2134 2128 2166 2151 ut

388 2161 443 2188 hoc
467 2162 634 2189 mandatum
656 2162 727 2198 ipsis
751 2163 889 2199 scriptum
912 2164 1051 2198 tradatur,
1073 2170 1104 2192 utv
1124 2165 1304 2192 deliberandi
1324 2165 1450 2201 spatium
1473 2166 1546 2202 ipsis
1569 2166 1753 2199 concedatur,
1778 2168 1806 2192 et
1818 2164 1927 2192 Caesar
1949 2166 2073 2204 accipiat
2096 2176 2164 2204 apo-

388 2204 494 2240 logiam
516 2206 592 2241 Aug.
618 2204 816 2233 confessionis.
861 2206 940 2241 (Vid.
965 2205 1066 2244 Chytr.
1090 2217 1118 2244 p.
1143 2208 1214 2235 467.
1247 2206 1373 2235 Coelest.
1394 2207 1447 2236 III.
1471 2218 1497 2245 p.
1526 2209 1593 2236 138.
1625 2208 1756 2236 Mueller.
1780 2217 1809 2244 p.
1831 2208 1916 2240 899.)

282 2245 330 2274 23.
351 2245 459 2274 Caesar
482 2256 534 2283 per
557 2247 736 2275 Ioachimum
760 2247 924 2276 Brandenb.
949 2250 1122 2286 respondet,
1146 2259 1177 2277 se
1200 2250 1366 2288 apologiam
1390 2252 1522 2288 accipere
1546 2251 1636 2286 nolle,
1668 2252 1717 2278 sed
1743 2250 1830 2285 velle,
1860 2255 1890 2277 ut
1911 2250 2110 2280 Protestantes
2133 2253 2163 2280 in

388 2289 474 2317 edicti
497 2289 590 2317 forma
613 2290 814 2327 acquiescant,
839 2291 883 2318 cui
907 2291 952 2326 hi,
974 2291 1131 2330 interprete
1150 2292 1300 2328 Pontano,
1323 2293 1480 2329 declarant,
1503 2303 1533 2321 se
1556 2303 1637 2321 suam
1657 2294 1828 2322 sententiam
1852 2297 1962 2321 mutare
1985 2303 2043 2321 non
2066 2303 2161 2331 posse.

354 2330 477 2360 Ioannes
496 2331 566 2360 Dux
587 2331 654 2360 Sax.
681 2332 808 2367 Elector,
827 2333 895 2360 item
918 2334 1058 2362 Ernestus
1081 2334 1149 2362 Dux
1172 2335 1284 2363 Luneb.
1309 2340 1336 2363 et
1360 2335 1552 2374 Wolfgangus
1574 2337 1715 2373 Princeps
1748 2335 1924 2364 Anhaltinus
1954 2336 2025 2364 hora
2048 2337 2093 2364 III
2117 2347 2162 2365 ve-

386 2374 516 2410 spertina
537 2376 672 2411 Augusta
695 2376 863 2410 discedunt,
886 2377 1002 2404 domum
1025 2378 1153 2405 redituri.
1200 2376 1292 2406 Simul
1314 2388 1378 2406 cum
1403 2380 1539 2416 Principe
1560 2379 1693 2406 Elector-e
1722 2379 1872 2406 Fontanus
1898 2383 1925 2406 et
1953 2379 2081 2416 theologi
2110 2380 2164 2409 do-

388 2425 464 2443 mum
483 2418 614 2446 redeunt.
660 2418 777 2445 Manent
800 2420 949 2455 Augustae
970 2419 1114 2449 Electoris
1136 2420 1303 2449 Consiliarii
1328 2422 1454 2450 Ioannes
1477 2432 1495 2450 a
1518 2421 1645 2457 Plania,
1669 2421 1897 2458 christophorus
1921 2431 1938 2449 a
1959 2421 2162 2451 Taubenheim

385 2463 413 2485 et
432 2459 556 2487 Ioannes
578 2470 595 2487 a
616 2460 732 2498 Dolzig.

277 2500 326 2528 25.
350 2499 388 2528 D.
415 2501 462 2530 25.
487 2501 565 2539 Sept.
587 2508 615 2530 et
636 2513 716 2539 seqq.
740 2502 849 2532 Caesar
870 2504 931 2541 agit
953 2513 1016 2533 cnm
1039 2505 1143 2542 legatis
1166 2506 1278 2535 urbium
1302 2507 1338 2534 de
1361 2507 1477 2535 decreto
1500 2515 1552 2534 suo
1575 2507 1760 2534 admittendo.

162 2540 228 2571 Oct.
302 2545 328 2571 1.
350 2543 520 2572 Melanthon
541 2549 585 2573 est
606 2545 744 2583 Coburgi.
