2299 2921
162 127 226 160 367
607 127 716 158 PfflL.
741 127 842 160 MEL.
868 127 1054 160 SCRIPTA
1079 128 1346 160 DOGMATch
1368 128 1425 159 ΕΤ
1447 128 1716 162 SYMBOLch.
2103 128 2169 162 368

317 222 365 251 Ad
381 223 512 260 primum
530 232 626 261 genus
648 222 810 260 pertinent,
829 228 946 261 praeter
964 220 1026 250 Ed.
1050 220 1153 251 Basil.
1174 231 1201 250 a.
1225 223 1332 259 1552„
1352 222 1466 252 Editio
1485 233 1577 263 supra
1594 234 1623 263 p.
1646 225 1704 253 347
1727 233 1775 261 sq.
1799 223 1832 261 b)
1851 223 2018 257 recensita,
2039 233 2115 262 quae
2135 234 2165 256 α.

162 264 252 295 1552.
276 266 341 293 siue
365 265 427 294 loci
449 265 567 293 indicio
592 265 715 304 prodiit⁷
735 264 846 295 Editio
869 264 1124 301 Francofurtana
1147 274 1174 296 a.
1203 267 1308 300 1553„
1340 276 1418 304 quae
1436 266 1525 305 paulo
1549 267 1630 305 prius
1651 275 1740 304 quam
1763 266 1820 295 Ed.
1840 265 1925 305 Lips.
1956 265 2064 305 prodiit
2075 266 2109 304 ’ἢ
2135 270 2167 297 et

161 307 279 338 titulum
303 307 454 337 Editionis
474 307 568 336 Basil.
594 307 730 340 exhibet,
755 307 885 346 denique
904 306 1018 336 Editio
1038 306 1235 340 Genevensis,
1267 317 1446 347 quamquam
1473 309 1511 338 ab
1535 309 1597 338 illis
1624 319 1651 338 e.
1671 319 1696 338 e.
1724 318 1761 339 eo
1791 307 1903 345 differt,
1936 309 2016 347 quod
2047 310 2167 339 nomina

162 361 281 385 eorum,
306 352 355 389 qui
376 350 445 380 huic
465 349 552 379 Cous.
571 350 830 389 subscripserunt,
852 360 924 384 non,
950 354 982 379 ut
1001 349 1070 379 illae
1096 352 1112 379 3
1132 349 1238 384 Editt,
1264 351 1295 378 2⁹12
1316 352 1495 390 principio,
1523 352 1597 386 sed,
1617 355 1650 381 ut
1668 354 1805 385 ceterae,
1832 352 1863 380 in
1883 352 1943 390 fine
1967 351 2098 381 exhibet.
2124 370 2165 376 —

161 393 227 423 Hae
250 393 342 423 Editt.
367 403 471 422 omnes
497 392 686 421 praefatione
711 392 914 422 Melanthonis
941 392 1039 422 adhuc
1064 396 1174 422 carent.
1194 412 1234 415 —
1254 393 1303 422 Ad
1328 393 1385 423 hoe
1410 404 1508 433 genus
1537 395 1628 424 etiam
1654 395 1783 433 pertinet
1808 392 1973 424 Confessio
2000 394 2112 424 Saxon.
2137 395 2165 424 in

161 436 361 476 Erythraei
382 435 492 465 tabulis
511 435 709 474 particulatim
733 445 840 464 recusa
863 440 893 465 et
912 434 968 465 Ed.
987 434 1173 465 Oxoniensis
1192 445 1218 464 a.
1243 437 1332 466 1827.

315 478 364 508 Ad
383 478 547 507 secundam
570 488 668 516 genus
693 479 856 517 pertinent,
884 483 1003 517 praeter
1026 478 1088 507 Ed.
1113 478 1203 517 Lips.
1227 489 1256 509 a.
1280 478 1387 513 1553„
1407 480 1545 519 repetitio
1570 480 1637 508 eius
1656 479 1734 508 ibid.
1759 490 1788 510 α.
1813 479 1903 508 1554.
1923 498 1965 502 -
1983 479 2050 508 Hoc
2068 489 2166 518 genus

161 532 178 551 a
197 522 292 561 priore
317 521 413 550 differt
440 525 469 557 1)
493 531 641 560 persaepe
661 521 804 550 lectionis
827 522 992 554 varietate,
1024 522 1055 554 2)
1076 522 1276 559 praefatione
1305 521 1582 558 Melanthonis,
1609 532 1696 561 quam
1724 521 1936 551 verosimiliter
1955 533 1992 551 m.
2012 522 2120 552 Martio
2139 532 2166 552 a.

164 566 254 594 1553.
274 564 412 603 scripsit,
437 568 469 593 ut
490 564 557 593 huic
576 563 633 593 Ed.
651 565 864 603 praefigeretur
886 564 976 602 (conf.
999 563 1089 592 huius
1110 562 1200 602 Corp.
1221 563 1290 594 Vol.
1314 565 1399 593 VIII.
1423 575 1451 604 p.
1474 567 1554 603 49.)‚
1581 567 1612 601 3)
1632 565 1807 604 appendice
1830 563 2026 595 Confessioni
2045 569 2076 594 et
2098 565 2170 594 sub-

160 608 377 646 scriptionibus
397 608 588 646 interposita,
618 610 651 645 4)
670 608 842 636 nominibus
861 616 979 641 eorum,
1000 607 1049 645 qui
1070 606 1139 635 huic
1159 604 1246 637 Uonf.
1271 607 1534 645 subscripserunt,
1555 608 1583 637 in
1603 609 1664 647 fine
1687 608 1801 642 affixis,
1834 610 1866 645 5)
1886 607 1997 637 additis
2015 617 2073 636 sex
2094 608 2171 636 scri-

156 651 224 689 ptis
247 649 481 689 approbator-iis
503 649 627 679 aliarum
651 649 850 679 ecclesiarum
870 653 900 679 et
918 650 1073 688 regionum
1093 652 1233 687 (quorum
1253 653 1379 688 quatuor
1397 649 1489 679 latina
1512 651 1601 680 etiam
1627 652 1655 680 in
1674 650 1731 680 Ed.
1752 650 1864 680 Genev.
1888 651 2102 688 inveniuntur).

314 692 364 722 Ad
383 695 505 722 tertiam
529 702 626 732 genus
657 693 821 732 pertinent,
846 697 963 731 praeter
985 691 1050 721 Ed.
1079 691 1232 722 Wittemb.
1256 703 1284 721 α.
1309 692 1418 726 1559,
1440 693 1507 722 eius
1526 694 1724 732 repetitiones
1743 693 1819 723 ibid.
1844 704 1871 722 α.
1896 693 1988 723 1562.
2009 696 2040 722 et
2062 691 2170 726 1573„

160 739 251 774 atque
270 735 372 766 Editio
396 737 424 765 in
450 735 710 765 Melanthonis
739 735 891 774 Operibus
909 738 1056 765 contenta.
1103 734 1169 764 Hoc
1192 744 1288 773 genus
1312 745 1330 764 a
1354 735 1490 765 secundo
1509 735 1608 765 differt
1640 740 1670 774 1)
1699 736 1881 775 quibusdam
1906 737 2003 765 variis
2026 735 2169 765 lectioni-

160 779 226 816 bus,
252 780 283 816 Ξ)
303 779 417 808 omissa
435 778 619 817 appendice.
643 797 684 800 —
704 777 781 807 Cum
805 780 862 807 hoc
880 787 992 817 genere
1012 778 1101 807 etiam
1129 777 1311 816 Chytraei
1334 777 1392 808 Ed.
1412 788 1504 817 supra
1526 789 1555 817 p.
1575 781 1635 808 359
1656 789 1703 817 sq.
1733 780 1885 808 recensita
1916 779 2027 817 ubique
2054 778 2116 807 sere
2140 779 2169 807 in

160 820 368 853 Confessione
392 822 458 860 ipsa
481 822 632 860 congruit,
653 821 770 860 reliqua
789 822 867 850 enim
891 822 990 850 omnia
1010 820 1089 859 (scil.
1111 820 1274 859 praefatio,
1296 820 1460 860 appendix,
1488 821 1730 860 subscriptiones
1757 825 1787 851 et
1812 822 1924 860 scripta
1947 822 2170 861 approbatoria)

160 864 198 894 ab
218 864 332 894 editore
352 866 467 894 omissa
486 868 565 894 sunt.

316 906 462 943 Quartum
485 918 596 946 mnus,
618 906 782 936 Confessio
806 907 836 936 in
856 905 996 945 Corpore
1015 905 1198 945 Philippico
1219 909 1376 941 contenta,
1404 916 1422 935 a
1445 906 1580 936 secundo
1608 916 1720 945 genere
1748 909 1862 936 tantum
1886 916 1923 935 eo
1949 905 2063 940 differt,
2089 905 2170 944 quod

161 950 282 989 quidam
307 950 365 979 loci
384 950 539 990 paululum
558 951 662 979 mutati
685 954 715 979 et
733 950 813 979 aucti
837 954 916 979 sunt.

314 992 361 1022 Ex
392 992 453 1022 illis
480 992 673 1023 Editionibus
705 1002 796 1032 supra
824 992 986 1022 recensitis
1011 1001 1078 1021 cum
1110 991 1228 1021 Codice
1247 990 1422 1030 Lipsiemi,
1443 1002 1531 1031 quem
1552 993 1581 1021 in
1607 991 1665 1022 hac
1683 1001 1751 1020 mea
1773 990 1914 1021 Editione
1934 1000 2057 1029 sequor,
2076 989 2171 1020 hasce

160 1039 228 1066 octo
248 1036 378 1066 contuli:
402 1040 427 1066 1.
448 1035 627 1065 Editionem
645 1035 855 1066 Bast'leensem
874 1046 901 1065 a.
930 1036 1019 1065 1552.
1047 1036 1100 1068 3⁰,
1128 1035 1153 1063 2.
1174 1033 1353 1063 Editionem
1375 1036 1441 1064 sine
1464 1035 1527 1064 loci
1549 1034 1669 1064 indicio
1690 1044 1715 1064 a.
1743 1035 1834 1064 1552.
1855 1036 1907 1068 80,
1937 1036 1965 1063 3.
1989 1032 2170 1063 Etlitiouem

160 1079 441 1117 Francofurtanam
471 1089 498 1108 a.
526 1082 615 1109 1553.
642 1081 764 1116 (1556.)
789 1080 842 1113 4⁰,
874 1081 902 1107 4.
929 1077 1109 1107 Editionem
1139 1076 1329 1116 Lipsiensem
1349 1086 1376 1106 a.
1404 1080 1494 1108 1553.
1522 1079 1573 1113 80.
1605 1080 1631 1107 5.
1657 1077 1837 1106 Editionem
1872 1076 2172 1114 IvVittemberqensem

161 1132 186 1152 a.
209 1124 299 1152 1559.
325 1124 375 1157 8⁰,
409 1124 436 1152 G.
460 1122 639 1151 Editionem
662 1121 853 1160 Lipsiensem
872 1131 899 1151 a.
926 1122 1016 1151 1560.
1041 1119 1120 1155 Fol.‚
1140 1120 1169 1149 in
1194 1119 1334 1158 Corpore
1351 1119 1535 1159 Philippico
1561 1123 1747 1154 contentam,
1779 1122 1807 1149 7.
1832 1118 2011 1148 Editionem
2035 1119 2171 1149 {Videm-

161 1165 334 1204 berytensem
352 1175 378 1195 a.
408 1167 499 1195 1562.
519 1164 601 1199 Pol..
622 1166 650 1194 in
680 1163 946 1194 Melanthonis
974 1162 1127 1202 Operibus
1149 1166 1334 1196 contentam,
1367 1165 1395 1192 8.
1418 1163 1598 1192 Editionem
1622 1162 1823 1192 Genea-ensem
1852 1172 1878 1191 a.
1902 1164 1991 1192 1612.
2016 1163 2061 1191 4⁰.
2105 1161 2171 1191 Has

162 1208 190 1237 in
210 1208 266 1237 hac
289 1218 366 1237 nova
385 1207 441 1238 Ed.
461 1208 538 1237 solis
559 1209 707 1245 numeris,
730 1217 808 1246 quos
827 1207 855 1236 h.
875 1206 894 1237 l.
920 1207 958 1235 iis
980 1206 1114 1246 praefixi,
1136 1206 1272 1244 signabo.
1295 1222 1338 1227 —-
1360 1204 1521 1235 Praeterea
1545 1205 1749 1244 Buergeri,
1773 1204 1954 1234 Franckii
1979 1208 2009 1234 et
2031 1204 2172 1244 Heppii

161 1250 322 1281 Editiones
342 1250 478 1285 adhibui,
503 1261 594 1290 quas,
619 1252 790 1289 ubicunque
812 1259 944 1279 necesse
969 1252 1035 1284 est,
1057 1247 1167 1278 notabo
1191 1247 1241 1277 vel
1261 1257 1363 1277 eorum
1386 1249 1574 1283 nominibus,
1593 1248 1643 1277 vel
1665 1247 1772 1286 siglis:
1796 1246 1856 1282 B.‚
1875 1248 1928 1283 F..
1953 1247 1993 1277 H.

267 1397 294 1429 *)
315 1397 513 1439 Ιημῦοὶἰεείίοᾳε
534 1396 729 1435 confessionum
748 1394 948 1421 Francofurtana
968 1393 1103 1420 Confessio
1123 1393 1246 1432 saxonica
1265 1393 1350 1419 tertio
1369 1394 1424 1418 loco
1443 1393 1585 1439 exhibetur,
1605 1393 1710 1450 qussgg
1729 1393 1944 1450 eoqugeextrerlpo
1962 1391 2019 1450 loco
2037 1389 2172 1438 Confessio

317 1430 1056 1497 {Ssffissmssssssi‘ffiffih§tssmfiffiff'ssflft,Cssssifflsslssaseffnfffissr
1066 1428 1521 1501 “gffifflgfgngffipgffngssmttff
1529 1429 1618 1500 ‘3323'
1627 1460 1658 1500 d..
1672 1444 1714 1500 ις
1729 1431 1962 1499 332¹..sst1255m13’0fn
1973 1431 2070 1498 ³3¹5}
2082 1430 2175 1484 ’ἓέἓέἓ

318 1501 468 1561 ῧίὲιιωᾮξιᾶἳε
480 1501 601 1568 scripsit:
619 1499 784 1530 „Exemplum
803 1498 973 1524 confessionis
992 1498 1101 1528 scriptae
1120 1503 1135 1523 a
1154 1496 1228 1522 nobis
1246 1496 1346 1522 nullum
1364 1496 1456 1522 habeo.
1493 1495 1545 1521 Sed
1564 1501 1614 1520 iam
1632 1495 1731 1525 Lipsme
1751 1494 1885 1520 edentur.“
1910 1493 1981 1524 (inde
2005 1494 2079 1518 huius
2098 1493 2174 1523 corp.
