2299 2921
123 103 188 137 309
318 103 358 138 11.
386 102 573 136 INDICES.
618 103 659 136 H.
690 102 830 136 INDEX
851 102 1050 137 EPISTOL.
1072 102 1187 137 PHIL.
1208 101 1312 134 MEL.
1334 100 1676 135 ALPHABETICUS
1699 101 1786 134 PER
1808 101 1954 135 1N1‘1‘1A.
2072 103 2138 136 31⁰

167 198 286 228 Certum
310 203 354 228 est
371 203 401 227 et
421 197 534 227 Ducem
560 197 716 227 saxoniae.
739 198 810 236 VII,
836 200 928 230 1007.

167 242 224 271 Dei
246 242 352 278 benef.,
374 242 406 270 in
427 242 518 270 fratre
539 240 733 271 Theodorico.
757 241 842 278 VIII,
866 242 938 273 512.

166 285 207 313 Et
229 294 328 314 amore
349 289 400 313 tuo
423 284 560 313 delector.
583 284 652 319 VII,
678 285 750 315 621.

166 327 207 356 Et
228 328 327 356 dolere
349 336 403 356 nos
425 326 517 355 bonis.
542 325 599 363 IX,
623 328 693 357 829.

166 370 206 399 Et
226 371 335 408 gratias
357 378 413 407 ago
437 369 503 398 Deo
527 386 576 399 —.
600 370 736 398 Veniam.
760 370 798 406 V,
823 370 894 401 834.

167 413 206 441 Et
228 413 301 441 haec
323 413 423 440 mundi
442 416 569 441 senecta.
592 412 662 447 VII,
687 413 757 442 655.

167 455 207 483 Et
229 456 421 484 iustissimum
439 460 468 482 et
489 455 697 484 dulcissimum.
723 454 780 491 IX,
806 456 877 485 669.

167 498 206 526 Et
228 498 375 536 praedixit
396 498 473 526 filius
491 497 558 526 Dei.
583 497 653 534 ΥΠ,
675 499 747 528 451.

167 540 207 568 Et
228 541 363 579 prodigia
385 541 484 569 muita.
508 540 577 575 ΥΠ,
598 541 669 570 690.

168 584 234 612 Etsi
256 584 398 612 naturalis
420 581 535 623 στοργῆ.
560 584 613 618 ΥΙ,
636 584 707 614 345.

167 627 234 655 Etsi
254 626 407 655 tabellario
430 630 536 655 vestro.
561 626 630 662 VII,
656 627 747 657 1071.

168 669 262 698 Filius
285 669 343 697 Dei
360 668 384 697 I.
408 668 453 704 C.,
475 670 524 706 qui
547 669 631 704 dixit,
654 669 762 699 Nemo.
787 669 857 707 VII,
881 669 953 700 566.

167 711 255 741 Hanc
273 711 427 749 epistolam
450 712 555 749 scripsi
578 713 624 740 die
647 714 740 741 tertio.
763 712 816 748 VI,
841 713 913 742 390.

169 754 256 783 Hanc
279 755 434 792 epistolam
457 755 560 792 scripsi
578 755 609 782 in
632 755 696 792 ipso
719 755 873 784 Paschate.
897 755 967 792 ΥΠ,
988 755 1058 786 984.

168 797 321 826 Historiae
343 798 505 825 vicinorum
523 798 707 828 tumultuum.
732 798 802 835 ΥΠ,
823 799 895 830 661.

167 839 267 869 Hodie
289 841 326 868 ad
348 840 468 868 fratrem
491 845 581 869 tuum.
604 840 673 876 VII,
700 843 792 870 1061.

168 883 204 911 In
226 883 357 912 Henrico
378 883 470 911 fratre
492 887 552 912 tuo.
581 884 650 919 VII,
676 885 767 914 1115.

167 926 329 954 Meministi
350 935 397 954 me
419 934 514 963 saepe.
536 925 590 962 ΥΙ,
614 927 685 956 348.

168 969 328 997 Meministi
350 973 477 997 veterem
499 969 664 998 formulam.
687 969 742 1005 VI,
766 970 838 999 353.

168 1011 389 1040 Misericordiae
410 1011 542 1046 Domini,
565 1013 643 1049 quod
664 1021 732 1040 non.
756 1012 810 1047 VI,
834 1012 905 1042 614.

168 1054 253 1083 Nihil
276 1054 389 1082 dulcius
413 1058 457 1082 est
479 1054 576 1082 fratre.
595 1054 681 1089 VIII,
705 1055 777 1082 435.

169 1097 240 1125 Non
263 1097 365 1125 dubito
388 1105 441 1125 vos
462 1097 536 1125 scire
558 1097 771 1126 Bremensium.
795 1097 850 1133 IX,
877 1096 967 1127 1066.

168 1139 239 1168 Non
262 1140 355 1168 solum
378 1148 444 1166 mea
467 1148 563 1168 causa.
586 1139 671 1175 VIII,
696 1140 767 1170 678.

168 1183 272 1220 Nuper
294 1182 465 1210 fasciculum
488 1183 637 1211 literarum
660 1182 792 1211 Henrici.
816 1182 872 1219 IX,
899 1184 968 1213 117.

168 1223 231 1253 Oro
251 1225 343 1253 filium
364 1224 431 1260 Dei,
453 1230 485 1253 ut
507 1226 583 1254 sicut
604 1226 736 1263 protexit
758 1226 856 1256 Iacob.
878 1225 936 1262 IX,
961 1226 1052 1256 1079.

168 1267 301 1304 Pagella,
324 1277 411 1304 quam
436 1268 550 1303 misisti,
574 1269 702 1306 propria.
725 1268 793 1305 VII,
818 1270 889 1299 457.

168 1310 307 1339 Reditum
331 1310 361 1337 in
384 1311 508 1347 patriam
532 1316 560 1338 et
582 1312 642 1339 tibi.
666 1311 736 1347 VII,
761 1313 811 1341 70.

165 1352 234 1382 Scio
257 1354 288 1381 in
308 1357 391 1381 tanta
413 1354 622 1391 magnitudine.
646 1354 716 1390 VII,
739 1355 811 1385 853.

165 1395 235 1424 Scio
260 1401 288 1424 te
310 1396 347 1424 de
370 1396 505 1433 ingeniis.
530 1397 598 1431 VII,
623 1397 694 1426 818.

165 1437 234 1467 Scio
254 1443 282 1467 te
305 1440 473 1468 meminisse
494 1439 694 1468 Pindaricum.
717 1439 802 1476 VIII,
826 1441 898 1470 395.

165 1480 234 1509 Scio
258 1482 311 1510 tibi
334 1486 419 1510 notas
442 1486 479 1510 et.
502 1482 570 1517 VII,
595 1482 665 1512 328.

165 1522 231 1552 Scis
255 1525 354 1553 Deum
375 1529 529 1562 utrumque
550 1526 690 1554 miranda.
714 1524 771 1562 IX,
794 1526 865 1556 660.

165 1566 231 1595 Scis
254 1577 291 1596 ex
313 1567 437 1596 historia
458 1568 580 1597 Esdrae.
604 1568 657 1603 VI,
683 1569 756 1597 627.

165 1608 231 1638 Scis
255 1621 301 1639 me
324 1611 454 1638 maxime
477 1616 588 1650 optare.
611 1610 669 1646 IX,
694 1611 767 1641 632.

165 1651 331 1682 Scriberem
350 1654 387 1681 ad
408 1658 436 1681 te
458 1655 584 1692 saepius.
608 1652 665 1689 IX,
690 1654 763 1684 562.

165 1694 332 1725 Scriberem
355 1698 482 1734 saepius,
505 1698 529 1725 si
553 1697 653 1725 literis.
675 1697 744 1731 VII,
770 1699 860 1728 1111.

165 1736 276 1769 Suasor
295 1739 348 1776 fui,
372 1744 401 1767 et
422 1741 452 1768 in
475 1744 587 1768 nostra.
610 1739 666 1775 IX,
691 1741 763 1769 954.

166 1779 257 1810 Sumo
280 1783 360 1811 idem
384 1783 545 1811 exordium.
570 1782 654 1818 VIII,
680 1784 750 1812 309.

166 1823 250 1852 Tuae
268 1825 370 1853 literae
392 1824 457 1862 plus
479 1826 551 1863 spei.
574 1825 659 1860 VIII,
684 1826 757 1855 376.

167 1865 317 1895 Tueamur
341 1868 427 1895 etiam
451 1869 506 1896 hoc
528 1869 687 1897 literarum.
711 1868 782 1902 VII,
807 1869 876 1899 183.

167 1908 210 1937 Ut
233 1911 355 1939 veniens
376 1920 470 1939 annus
493 1929 543 1940 —.
568 1911 651 1939 Haec
673 1916 781 1941 nostra.
805 1912 862 1949 IX,
885 1913 957 1943 979.

167 1951 258 1981 Venit
280 1954 338 1981 huc
359 1953 454 1982 subito
478 1954 632 1982 Ascanius.
666 1954 735 1991 ΥΠ,
756 1956 826 1986 108.

167 1994 314 2025 Virtutem
338 1997 448 2033 patriae
471 2001 549 2025 tuae.
584 1996 637 2032 VI,
662 1998 733 2028 476.

122 2037 304 2075 Mollero,
326 2038 560 2068 Laurentio:

168 2081 244 2111 Cum
271 2082 434 2110 Aeschines
456 2083 557 2111 laudat
579 2083 709 2111 consilia.
742 2082 795 2120 VI,
818 2085 889 2115 595.

168 2125 208 2153 Et
230 2129 332 2154 nostra
352 2126 538 2163 negligentia.
574 2125 643 2160 VII,
669 2126 740 2156 838.

168 2168 293 2197 Etiamsi
316 2168 500 2197 manifestum
523 2172 576 2197 est.
611 2168 681 2203 VII,
704 2170 774 2199 509.

169 2210 235 2239 Etsi
257 2211 363 2239 multas
387 2211 532 2241 historias,
569 2211 638 2246 VII,
663 2213 733 2241 513.

169 2253 236 2282 Etsi
259 2258 325 2281 sunt
348 2254 498 2292 Corycaei.
532 2254 601 2290 VII,
626 2254 696 2284 230.

170 2295 321 2333 Euripidis
345 2306 443 2326 versus
466 2303 543 2328 sunt.
579 2297 633 2333 VI,
658 2298 729 2326 553.

171 2339 319 2367 Existimo
342 2341 372 2367 in
393 2345 537 2369 conventu
559 2340 776 2370 Ratisbonensi.
808 2340 894 2377 VIII,
919 2342 989 2372 770.

171 2381 207 2409 In
230 2382 276 2410 his
299 2382 422 2418 publicis
446 2387 474 2411 et
495 2384 625 2421 privatis.
658 2383 714 2418 IX,
741 2384 810 2413 176.

171 2423 277 2452 Laudo
299 2426 438 2462 pietatem
461 2430 550 2455 tuam.
585 2426 654 2461 VII,
679 2427 751 2454 225.

173 2467 262 2495 Liber
286 2469 469 2505 Augustinus
486 2470 553 2497 iam.
588 2470 641 2504 VI,
661 2471 733 2499 919.

173 2509 285 2538 Locum
308 2515 390 2540 tuum
413 2512 449 2540 de
470 2511 671 2549 Philosophia.
708 2512 776 2548 VII,
801 2513 872 2543 992.

173 2553 259 2582 Mitto
282 2555 432 2590 proximae
454 2555 669 2593 disputationis.
701 2555 757 2592 IX,
783 2556 854 2586 983.

1197 197 1268 227 Non
1290 198 1397 226 mortui
1419 197 1586 226 laudabunt.
1620 197 1690 232 ΥΠ,
1711 198 1783 227 754.

1197 241 1269 270 Non
1291 249 1355 269 sum
1377 241 1458 269 rudis
1481 241 1577 269 huius.
1614 239 1699 275 ΥΠΙ,
1724 241 1795 270 635.

1198 283 1277 321 Opto
1299 283 1386 313 faust.
1411 288 1440 312 et
1460 283 1575 312 felicem
1596 283 1723 312 reditum
1745 283 1932 313 charissimis.
1955 282 2024 320 VII,
2042 283 2137 313 1013.

1198 326 1350 365 Quidquid
1373 327 1437 362 erit,
1459 326 1635 364 superanda.
1668 325 1725 361 IX,
1752 327 1843 356 1079.

1200 368 1267 405 Quo
1291 369 1385 407 magis
1405 370 1534 398 lacerant
1552 369 1644 398 multi.
1678 369 1734 404 IX,
1761 369 1830 399 168.

1200 411 1340 448 Quotidie
1361 413 1467 441 multas
1490 416 1518 441 et
1539 421 1673 450 magnas.
1705 411 1792 448 VIII,
1819 412 1888 442 174.

1200 453 1295 493 Saepe
1317 456 1404 484 laudo
1426 455 1581 484 consilium
1604 455 1769 484 Claudiani.
1803 454 1872 491 ΥΠ,
1897 454 1989 485 1136.

1199 498 1244 526 Te
1262 508 1341 533 vero,
1362 498 1440 534 volo,
1464 507 1561 537 saepe.
1597 498 1649 534 VI,
1675 499 1745 528 117.

1200 541 1267 570 Tua
1290 550 1360 579 erga
1382 550 1413 570 se
1436 542 1540 571 studia.
1573 541 1626 577 VI,
1652 542 1723 571 581.

1200 584 1243 613 Ut
1263 584 1294 613 in
1312 584 1431 621 morbis,
1452 585 1555 621 inquit.
1589 584 1642 621 VI,
1665 584 1737 614 533.

1198 624 1272 656 ‘HM
1293 638 1325 665 γε
1347 627 1444 666 φίλου.
1478 626 1535 663 ΙΧ,
1558 627 1629 657 664.

1156 669 1342 705 Molner0,
1364 669 1503 698 Lucae:

1200 712 1258 741 Die
1282 713 1332 742 25.
1355 712 1534 742 Novembris
1556 713 1667 751 accepi.
1700 712 1784 749 VIII,
1809 712 1880 743 615.

1157 755 1351 790 Montano,
1373 754 1521 784 Ioanni:

1201 798 1240 826 Et
1261 807 1327 826 meo
1351 803 1379 826 et
1400 798 1563 829 Ecclesiae.
1594 797 1663 834 VII,
1686 799 1758 828 588.

1157 841 1365 870 Mordisino
1389 841 1650 878 (Mordeisen),
1679 841 1825 870 Ulrico:

1200 884 1308 913 Adfert
1330 884 1378 912 hic
1395 884 1509 913 Doctor
1531 884 1667 913 Iacobus.
1698 883 1755 919 IX,
1779 884 1850 914 736.

1202 927 1338 955 Assiduis
1361 931 1390 955 et
1411 927 1580 956 ardentibus
1602 928 1687 957 votis.
1722 925 1780 961 IX,
1805 926 1877 957 632.

1200 969 1309 998 Daniel
1332 970 1481 1007 Propheta
1501 971 1604 1008 iuquit.
1638 969 1694 1005 IX,
1721 970 1791 999 163.

1201 1011 1249 1040 De
1271 1012 1424 1041 obsidione
1446 1013 1547 1051 oppidi
1568 1013 1765 1042 Didenhofen.
1799 1011 1856 1048 IX,
1881 1011 1954 1042 571.

1201 1053 1260 1083 Die
1280 1054 1329 1084 22.
1355 1055 1466 1092 Aprilis
1487 1056 1643 1084 redierunt.
1676 1055 1733 1090 IX,
1759 1056 1828 1085 145.

1201 1096 1255 1133 Ea,
1280 1107 1355 1135 quae
1378 1098 1481 1135 scripsi
1506 1099 1543 1126 de
1565 1097 1693 1136 Synodo.
1727 1097 1811 1133 VIII,
1837 1098 1908 1127 666.

1200 1139 1365 1178 Epistolam
1390 1150 1427 1169 ex
1450 1140 1636 1170 Vratislavia.
1670 1140 1754 1175 ΥΠΙ,
1777 1141 1850 1169 894.

1199 1182 1240 1211 Et
1262 1183 1328 1211 Deo
1350 1184 1461 1220 gratias
1479 1192 1535 1221 ago
1559 1184 1694 1212 servanti.
1729 1182 1785 1219 IX,
1806 1184 1879 1213 847.

1201 1224 1240 1254 Et
1261 1226 1331 1254 mihi
1355 1230 1384 1254 et
1405 1226 1500 1255 nobis.
1534 1226 1589 1261 IX,
1615 1227 1686 1256 830.

1200 1268 1239 1296 Et
1262 1273 1383 1307 propter
1405 1273 1533 1298 vestrum
1556 1269 1697 1300 dolorem.
1731 1268 1800 1304 ΥΠ,
1824 1268 1897 1298 955.

1200 1311 1265 1340 Etsi
1289 1312 1413 1348 exposui
1435 1311 1572 1349 Syndico.
1607 1312 1691 1347 VIII,
1717 1313 1787 1349 131,

1200 1353 1266 1382 Etsi
1289 1355 1396 1383 multas
1419 1355 1558 1392 epistolas
1581 1365 1619 1384 ex
1642 1354 1863 1383 Fraucofordia.

1201 1397 1267 1425 Etsi
1289 1406 1409 1425 necesse
1431 1402 1484 1433 cst,
1508 1398 1600 1426 vobis.
1634 1398 1718 1433 VIII,
1742 1398 1814 1428 825.

1904 1353 1989 1391 vm,
2013 1354 2085 1385 859.

1201 1440 1266 1468 Etsi
1287 1440 1481 1478 periculosum
1505 1445 1556 1470 est.
1591 1440 1647 1477 IX,
1671 1442 1744 1470 479.

1200 1482 1349 1511 Existimo
1372 1492 1424 1512 vos
1447 1484 1532 1519 scire,
1555 1484 1663 1521 colligi.
1693 1483 1750 1519 IX,
1776 1483 1846 1513 127.

1200 1525 1352 1563 Expertus
1375 1527 1473 1562 didici,
1495 1527 1590 1556 rebus.
1623 1526 1707 1561 VIII,
1732 1526 1805 1556 527.

1200 1569 1349 1606 Exposuit
1370 1570 1442 1598 mihi
1465 1570 1551 1607 Doct.
1578 1569 1735 1607 Georgius.
1766 1568 1823 1605 IX,
1851 1569 1921 1599 137.

1201 1610 1322 1641 Gratias
1341 1621 1397 1650 ago
1420 1612 1479 1640 filio
1503 1612 1571 1649 Dei,
1595 1614 1645 1651 qui
1666 1613 1837 1649 adsumpsit.
1872 1611 1928 1649 IX,
1954 1612 2027 1643 373.

1200 1654 1267 1684 Hac
1289 1656 1363 1684 hora
1384 1656 1456 1684 mihi
1479 1656 1627 1685 indicavit.
1662 1655 1718 1692 IX,
1740 1656 1811 1685 734.

1200 1696 1288 1727 Hanc
1311 1699 1465 1736 epistolam
1488 1699 1555 1727 dedi
1579 1699 1729 1727 Plateano.
1764 1697 1848 1734 VIII,
1869 1698 1921 1726 98.

1200 1740 1275 1769 Heri
1297 1742 1477 1769 advenerunt
1498 1742 1718 1780 Transsylvani.
1756 1741 1840 1778 ΥΙΠ,
1862 1741 1934 1771 879.

1200 1783 1276 1812 Heri
1298 1784 1355 1821 legi
1378 1784 1407 1812 in
1426 1784 1606 1822 Nicephoro.
1638 1784 1694 1819 IX,
1719 1784 1790 1814 825.

1200 1826 1276 1855 Heri
1298 1836 1362 1855 sero
1386 1828 1487 1865 accepi
1508 1828 1608 1856 literas
1630 1827 1733 1857 Ducis.
1772 1826 1829 1863 IX,
1851 1827 1924 1857 526.

1200 1869 1300 1899 Hodie
1319 1870 1453 1898 intellexi
1476 1874 1505 1898 ct
1527 1870 1681 1900 Comitem.
1715 1870 1772 1906 IX,
1797 1871 1868 1900 977.

1200 1912 1301 1942 Hodie
1323 1913 1389 1941 misi
1411 1914 1447 1941 ad
1471 1923 1523 1943 vos
1545 1913 1734 1951 Landgravii.
1768 1913 1825 1949 IX,
1850 1913 1923 1943 651.

1200 1955 1310 1991 Hodie,
1334 1956 1470 1984 videlieet
1492 1957 1540 1985 die
1563 1957 1745 1986 Decembris.
1779 1956 1849 1992 ΥΠ,
1873 1956 1945 1986 868.

1200 1999 1397 2028 Iustissimum
1420 2004 1464 2027 est
1486 2000 1593 2028 favere.
1625 1999 1682 2036 IX,
1707 2001 1777 2029 631.

1202 2041 1310 2070 Literis
1334 2041 1486 2071 Illustriss.
1509 2043 1558 2072 Pr.
1579 2043 1672 2072 Elect.
1708 2041 1765 2078 IX,
1792 2042 1862 2072 188.

1204 2085 1380 2114 Meministis
1401 2095 1448 2113 me
1471 2084 1696 2115 Oschacensem.
1729 2084 1813 2121 ΥΠΙ,
1837 2085 1908 2115 145.

1204 2128 1290 2157 Mitto
1312 2132 1342 2158 et
1365 2127 1543 2165 Landgravii
1567 2130 1675 2158 literas.
1708 2128 1765 2165 IX,
1790 2128 1862 2157 651.

1204 2172 1290 2199 Mitto
1313 2176 1427 2208 partem
1450 2172 1662 2209 disputationis.
1695 2171 1753 2207 IX,
1777 2171 1850 2200 799.

1204 2214 1289 2242 Mitto
1313 2214 1366 2242 tibi
1389 2218 1418 2242 et
1435 2215 1594 2243 reverendo
1618 2214 1740 2243 Kitelio.
1774 2212 1831 2248 IX,
1855 2213 1927 2243 982.
2117 2240 2120 2243 .

1203 2257 1330 2286 Oramus
1351 2256 1442 2285 filium
1464 2256 1521 2285 Dei
1539 2275 1591 2291 —‚
1615 2262 1646 2285 ut
1668 2257 1713 2286 Ill.
1732 2257 1781 2287 Pr.
1805 2256 1901 2285 Elect.
1932 2254 1989 2292 IX,
2011 2256 2085 2288 438.

1203 2298 1266 2328 Oro
1287 2300 1380 2328 filium
1402 2300 1460 2328 Dei
1479 2316 1528 2330 —-.
1551 2300 1616 2328 Etsi
1638 2305 1743 2331 autem.
1777 2299 1834 2334 IX,
1858 2300 1929 2329 441.

1203 2343 1365 2379 Postquam
1386 2343 1504 2371 domum
1522 2344 1606 2371 redii.
1635 2343 1719 2379 VIII,
1742 2342 1813 2372 692.

1204 2385 1385 2423 Praecipuae
1408 2386 1600 2414 narrationes.
1633 2386 1716 2422 ΥΙΠ,
1737 2386 1810 2415 804.

1205 2428 1337 2456 Primum
1360 2428 1422 2457 filio
1445 2429 1503 2457 Dei
1522 2445 1571 2456 —.
1596 2430 1705 2466 Accepi
1729 2438 1766 2457 ex
1789 2428 1915 2456 Vienna.
1949 2425 2006 2463 IX,
2033 2427 2124 2458 1042.

1206 2471 1360 2500 Profectus
1384 2480 1477 2499 essem
1500 2472 1536 2499 ad
1559 2481 1620 2500 vos.
1655 2471 1710 2507 IX,
1735 2471 1806 2501 630.

1206 2514 1332 2551 Propter
1353 2518 1463 2542 vestras
1482 2515 1696 2552 occupationes.
1726 2513 1782 2548 IX,
1806 2514 1877 2543 973.

1210 2555 1338 2592 Quaeso,
1361 2561 1392 2584 ut
1414 2557 1526 2585 veniam
1549 2558 1630 2588 mihi.
1665 2557 1721 2594 IX,
1745 2557 1816 2587 443.

1893 2615 1937 2641 u·
