2299 2921
161 126 203 159 81

163 222 241 259 Aug.
282 222 318 250 15

280 265 315 292 17

279 349 328 378 24.

163 391 243 431 Sept.
299 392 326 420 3.

281 519 329 547 1Ο.

163 561 229 591 Oct.
303 563 330 590 3.

277 604 325 633 22.

276 647 324 676 25.

163 690 240 720 Nov.
298 691 325 718 4.

281 945 327 974 29.

165 988 237 1017 Dec.
299 989 328 1017 9.

282 1032 328 1061 10.

280 1116 329 1145 25.

165 1371 227 1400 Ian.
306 1372 331 1399 1.

326 1435 332 1441 .
356 1413 425 1442 Mel.
451 1418 479 1441 et
503 1412 669 1441 Ioachimus
693 1410 877 1440 Camerarius
900 1411 1102 1439 commendant
1125 1409 1285 1447 Georgium
1310 1408 1450 1438 Sabinum
1474 1409 1598 1437 Albcrto
1622 1408 1698 1436 Duci
1721 1407 1871 1436 Prussiae.

249 1458 265 1485 7
291 1466 333 1494 sq.

285 1500 331 1528 16.

283 1543 329 1571 18.

282 1627 331 1656 22.

281 1713 330 1742 24.

286 1970 333 1998 14.

287 2013 335 2040 15.

287 2056 334 2084 18.

283 2098 332 2128 21.

171 2184 255 2214 Mart.
312 2185 337 2212 1.

288 2270 336 2298 13.

236 2304 237 2307 ’
283 2311 329 2340 20.

285 2396 334 2425 25.

170 2484 198 2510 A
221 2482 265 2512 ril.
309 2483 337 2510 8.

200 2492 218 2521 p
329 2549 335 2554 .
360 2525 590 2561 Wallenrodum,
613 2527 739 2554 nobilem
760 2526 915 2562 ancum,
937 2530 1030 2564 rogat,
1053 2530 1086 2554 ut
1107 2526 1156 2554 det
1168 2526 1347 2560 camerario,
1370 2525 1425 2552 iter
1447 2524 1477 2551 in
1498 2522 1651 2551 Franciam
1676 2521 1797 2553 facturo,
1821 2520 1933 2558 equites
1957 2519 2088 2553 comites,
2112 2518 2181 2556 quia

945 119 969 153 1.
1015 117 1222 151 ANNALES
1244 117 1390 151 VITAE.
2126 116 2172 151 82

323 244 329 250 .
353 219 481 249 Domum
502 218 590 247 venit.

321 286 327 292 .
350 263 506 292 Theodoro
529 260 630 289 scribit
651 269 725 297 quae
748 263 813 287 aeta
833 259 942 287 fuerint
963 258 1094 288 Bonnae.

352 305 467 334 Bellum
485 305 559 332 inter
582 301 741 332 Caesarem
760 306 788 330 et
810 302 922 330 Ducem
945 301 1121 330 Clivensem.

351 348 434 376 Dura
457 347 485 374 vi
503 346 615 383 capitur
638 355 656 372 a
678 345 818 373 militibus
842 343 985 372 Caesaris.

350 390 417 418 Mel.
442 389 588 427 praefatur
606 389 636 416 in
659 388 778 416 librum:
804 387 1001 423 „Reformatio
1024 387 1175 415 Ecclesiae
1197 385 1394 415 Coronensis“
1420 389 1474 413 cte.

352 432 399 460 De
422 441 514 460 coena
536 441 619 460 sacra
636 431 735 459 scribit
758 431 795 458 ad
816 430 1012 458 Theodorum.

323 499 329 505 .
353 476 416 503 Pax
440 475 512 504 inter
536 472 691 502 Caesarem
714 478 741 501 et
762 472 874 500 Ducem
893 471 1022 501 Clivens.

354 519 422 546 Mel.
447 517 619 546 Bernhardo
643 516 786 553 Zieglero,
809 516 945 552 theologo
969 514 1062 551 Lips.‚
1085 514 1185 543 scribit
1207 514 1370 543 orationem
1392 514 1422 541 in
1446 513 1629 550 promotione
1651 512 1813 549 legendam.

355 561 425 589 Vito
447 560 604 588 Theodoro
627 559 799 587 sententiam
823 567 905 586 suam
927 558 1025 585 scribit
1049 558 1085 585 de
1108 557 1293 594 impositione
1316 566 1453 585 manuum
1477 560 1506 584 et
1527 556 1564 583 de
1587 555 1898 584 excommunicatione.

350 604 435 632 Vitus
457 602 669 631 Amerbaehius
694 601 868 638 Vitebergae
890 601 955 628 lites
979 605 1075 628 movet
1097 601 1236 629 adversus
1260 600 1479 628 Melanthonem
1500 599 1530 627 in
1554 599 1688 628 doctrina
1706 599 1742 626 de
1766 599 1872 626 anima.

349 647 449 675 Monet
470 645 657 674 Theodorum
681 654 717 672 ne
739 645 878 672 accendat
901 643 1127 671 controversiam
1150 643 1185 670 de
1208 652 1299 670 coena
1322 652 1414 671 sacra.

350 690 462 717 Bucero
486 688 585 716 scribit
608 688 643 715 de
664 687 737 715 rixis
760 687 960 723 theologorum
984 686 1019 713 de
1043 695 1135 713 coena
1158 695 1191 720 s.⁷
1216 689 1243 713 et
1263 686 1299 713 de
1321 686 1489 723 Principum
1512 685 1674 712 temeritate
1698 688 1725 712 et
1746 684 1869 712 incuria.

352 732 491 760 Mandata
514 731 600 758 habet
622 740 639 758 a
663 730 744 757 Duce
768 730 913 763 Prussiae,
938 734 969 756 ut
988 729 1122 756 doctores
1145 729 1239 756 mittat
1262 729 1291 756 in
1316 729 1407 756 Acad.
1433 728 1619 765 Regiomont.

321 797 327 803 .
351 774 540 802 Roeuduntur
563 773 631 801 Mel.
651 777 809 800 erotemata
832 772 1007 799 dialectices.

279 818 327 846 12.

281 861 328 889 19.

351 818 548 845 Enarraturus
571 821 614 843 est
636 815 700 843 libr.
727 816 761 844 V.
785 815 955 842 Ethicorum
978 813 1145 841 Aristotelis
1165 814 1200 840 de
1222 813 1341 841 iustitia.

352 860 523 888 Mandatum
544 859 650 896 accipit
672 868 690 886 a
712 859 759 886 Pr.
783 858 926 891 Electore,
949 862 981 884 ut
1002 860 1085 893 paret
1106 865 1137 884 se
1159 857 1196 883 ad
1219 857 1274 884 iter
1297 855 1413 893 Spiram
1432 855 1597 884 faciendum
1619 856 1656 883 ad
1679 858 1865 883 conventum.

351 903 437 931 Vitus
460 901 672 930 Amerbachius
695 901 855 937 Viteberga
877 900 998 928 discedit
1020 900 1049 926 in
1069 899 1236 926 Bavariam.

352 946 420 974 Mel.
445 945 574 982 queritur
595 945 631 972 de
653 944 782 972 moribus
804 942 915 977 Sabini,
934 942 1034 979 generi
1056 941 1110 970 sui.

353 988 500 1026 Scriptum
524 987 592 1015 Mel.
615 987 813 1024 germanicum
837 987 873 1013 de
896 984 1064 1013 discrimine
1087 984 1152 1011 Ver.
1176 987 1205 1011 et
1227 982 1307 1011 Novi
1329 983 1410 1012 Test.
1434 983 1540 1020 prodit.

353 1029 477 1059 Carolus
502 1031 574 1067 Imp.
598 1031 701 1058 invitat
725 1029 837 1057 Ducem
861 1027 929 1056 sax.
955 1027 1047 1055 Elect.
1072 1031 1100 1054 ct
1121 1025 1339 1064 Landgravium
1362 1025 1506 1062 Hassiae,
1532 1030 1564 1054 ut
1584 1025 1641 1063 ipsi
1660 1025 1779 1053 veniant
1806 1025 1837 1052 in
1861 1027 2034 1053 conventum
2057 1022 2180 1060 Spiren-

388 1083 450 1101 sem
473 1074 500 1100 d.
528 1074 574 1100 10.
600 1073 661 1100 Ian.
691 1072 780 1099 1544.
805 1070 978 1097 habendum.

354 1117 443 1144 Mittit
465 1115 621 1143 Theodoro
645 1114 855 1151 praefationem
877 1113 907 1140 iu
930 1111 1053 1139 Lutheri
1077 1112 1291 1140 enarrationem
1316 1112 1401 1149 primi
1425 1111 1518 1140 Mosis
1540 1110 1614 1140 libri.

354 1159 420 1186 Hoc
444 1168 521 1185 anno
546 1157 692 1185 enarravit
713 1157 742 1184 in
762 1156 862 1184 schola
882 1155 1004 1183 Homeri
1027 1155 1165 1183 carmina.

354 1201 454 1229 Edidit
477 1201 573 1228 denuo
597 1200 804 1228 catechismum
828 1198 977 1236 puerilem.

1005 1298 1161 1329 ANNO
1205 1297 1332 1329 1544.

355 1370 423 1398 Mel.
446 1370 577 1407 Lipsiam
598 1370 798 1407 proficiscitur.

357 1456 521 1493 Philippus,
547 1455 746 1483 Melanthonis
768 1455 854 1490 filius,
878 1455 1059 1482 clandestina
1081 1453 1231 1491 sponsalia
1253 1453 1339 1481 habet
1362 1462 1426 1481 cum
1450 1452 1549 1490 puella
1571 1452 1757 1488 Margaretha
1776 1449 1910 1479 Kiiffner.

356 1499 422 1526 Mel.
445 1499 534 1526 mittit
557 1499 719 1526 orationem
743 1499 778 1526 de
802 1498 969 1526 Aristotele.

353 1541 483 1569 Thomas
506 1541 701 1578 Naogeorgus
724 1541 804 1569 litem
828 1545 924 1568 movet
946 1541 1085 1568 adversus
1109 1539 1177 1568 Mel.

354 1584 423 1612 Mel.
448 1584 589 1621 praefatio
611 1584 640 1611 in
664 1584 902 1612 commentarium
924 1582 1048 1611 Lutheri
1071 1583 1100 1611 in
1121 1583 1247 1620 primum
1276 1581 1381 1609 librum
1402 1580 1496 1609 Mosis
1518 1580 1652 1608 absoluta
1672 1584 1725 1608 est.
1749 1578 1839 1617 (Coll.
1861 1588 1905 1616 ep.
1929 1579 1958 1606 d.
1978 1578 2005 1606 d.
2031 1578 2058 1606 4.
2080 1577 2184 1614 Febr.)

354 1626 502 1655 Lutherus
523 1627 651 1663 graviter
680 1627 814 1655 irascitur
835 1627 948 1655 Buccro
976 1630 1095 1664 propter
1119 1625 1281 1653 doctrinam
1305 1624 1340 1652 de
1363 1633 1455 1652 coena
1478 1632 1577 1659 sacra,
1605 1623 1635 1652 in
1658 1623 1782 1661 epistola
1805 1623 1842 1650 ad
1865 1621 2082 1659 Landgravium
2105 1620 2185 1649 Has-

388 1670 450 1698 siae
474 1670 647 1706 expositam.

355 1713 423 1741 Mel.
446 1713 579 1747 laetatur⁷
603 1713 681 1750 quod
704 1712 758 1740 sibi
782 1721 840 1740 non
865 1712 989 1740 cundum
1010 1712 1047 1739 sit
1071 1711 1108 1739 ad
1132 1714 1306 1739 conventum
1330 1708 1505 1747 Spirenscm.

355 1756 463 1793 Magna
486 1755 556 1783 solis
580 1756 706 1793 eclipsis

357 1798 503 1839 Georgius
527 1797 652 1826 Sabinus
672 1802 791 1826 vocatur
814 1798 843 1825 in
868 1798 1058 1825 Academiam
1079 1796 1354 1834 Regiomontanam.

326 1862 332 1869 .
355 1842 551 1869 Melanthonis
574 1842 713 1869 iudicium
736 1841 771 1869 de
795 1841 939 1869 sententia
959 1840 1139 1877 Naegeorgii
1158 1840 1193 1867 de
1212 1839 1338 1876 peccatis
1362 1838 1527 1866 electorum.

168 1884 254 1914 Febr.
306 1886 334 1913 9-

359 1884 427 1912 Mel.
456 1884 586 1920 queritur
609 1885 645 1912 de
672 1885 744 1912 rixis
767 1883 887 1912 Lutheri
915 1893 980 1912 cum
1011 1882 1229 1911 Iurisconsultis
1249 1882 1398 1919 Viteberg.
1422 1899 1464 1902 —-
1488 1880 1655 1909 Editioncm
1678 1879 1809 1907 locorum
1838 1878 1926 1907 theol.
1957 1883 1986 1906 et
2013 1878 2181 1907 dialectices

391 1936 492 1955 rursus
515 1927 646 1955 adornat.

357 1969 508 2006 Crucigeri
531 1970 658 1997 narratio
681 1970 717 1997 de
741 1970 896 1997 acerbitate
918 1969 1039 1998 Luthcri
1066 1969 1094 1996 in
1118 1967 1355 1996 Iurisconsultos.

358 2012 426 2039 Mel.
450 2017 564 2039 enarrat
586 2012 650 2039 libr.
675 2012 710 2040 V.
735 2012 904 2040 Ethicorum
928 2012 1103 2040 Aristotelis.

358 2055 483 2083 Ioannes
502 2054 678 2089 Fridericus,
702 2054 771 2082 Dux
789 2054 859 2083 Sax.
884 2055 1011 2090 Elector,
1034 2055 1122 2083 intrat
1144 2053 1268 2092 Spiram.

356 2098 443 2125 Initia
465 2097 656 2126 Comitiorum
680 2096 871 2134 Spirensium.

359 2141 426 2168 Mel.
450 2141 579 2177 queritur
601 2141 636 2168 de
659 2141 787 2168 moribus
810 2139 920 2176 Sabini,
943 2141 1042 2177 generi
1064 2141 1117 2168 sui.

361 2183 429 2212 Mel.
453 2183 580 2220 graviter
602 2184 732 2221 queritur
754 2184 789 2211 de
809 2183 937 2212 moribus
960 2182 1069 2216 Sabini,
1094 2183 1143 2220 qui
1166 2182 1302 2210 ancillam
1322 2181 1423 2210 uxoris
1446 2189 1517 2208 suae
1535 2179 1687 2218 gravidam
1709 2177 1827 2206 fecerat.

360 2226 464 2254 Alesio
485 2227 586 2256 scribit
607 2226 834 2264 propositiones.

359 2269 512 2297 Praefatur
529 2270 559 2297 in
581 2269 687 2297 librum
706 2267 855 2297 Ciceronis
878 2269 913 2296 de
936 2272 1093 2296 senectute.

356 2310 471 2339 Laudat
493 2312 632 2347 Maurstii,
652 2312 744 2340 Ducis
763 2310 843 2347 Sax.‚
867 2312 992 2340 studium
1016 2311 1045 2338 in
1069 2311 1288 2350 Imperatorem.

359 2353 526 2383 Camerario
549 2355 658 2390 scribit,
683 2355 751 2391 quid
774 2355 859 2382 amici
882 2354 1074 2382 iudicaverint
1092 2355 1127 2382 de
1145 2354 1271 2382 editione
1295 2353 1426 2381 locorum
1449 2351 1537 2380 theol.
1561 2350 1628 2378 anni
1656 2349 1744 2378 1535.

358 2396 467 2425 Narrat
489 2397 637 2426 historiam
657 2398 839 2425 comitiorum
859 2396 1039 2435 Spirensium
1064 2401 1092 2424 et
1115 2401 1273 2425 conventus
1295 2396 1513 2433 Theologorum
1537 2393 1656 2431 Lipsiae
1677 2391 1778 2420 habiti.

359 2439 550 2477 Incipiunt
573 2441 757 2478 epistolae
781 2441 824 2468 ad
845 2441 1035 2468 Albcrtum
1054 2439 1389 2477 Hardenbergium.

360 2482 491 2517 Munera,
514 2483 590 2511 facta
613 2493 650 2511 ex
669 2483 776 2511 electro
800 2484 893 2520 figura
915 2483 1098 2512 cochlearum
1119 2483 1266 2521 accipiunt
1278 2483 1357 2518 Mel„
1380 2482 1561 2509 Pomeranus
1582 2483 1609 2506 et
1620 2477 1767 2505 Lutherus
1790 2477 1826 2504 ab
1845 2476 1967 2504 Alberto
1981 2474 2065 2503 Duce
2078 2474 2180 2504 Pruss.

393 2568 419 2596 ei
441 2569 544 2596 metuit
565 2569 602 2596 ab
624 2568 790 2606 Episcopis.

375 2634 521 2654 MELANTH.
542 2634 624 2655 OPER.
644 2635 706 2654 VOL.
726 2635 826 2655 xxvm.
1952 2620 1974 2645 F
