<?xml version="1.0" encoding="UTF-8"?>
<!DOCTYPE html PUBLIC "-//W3C//DTD XHTML 1.0 Transitional//EN"
    "http://www.w3.org/TR/xhtml1/DTD/xhtml1-transitional.dtd">
<html xmlns="http://www.w3.org/1999/xhtml" xml:lang="en" lang="en">
 <head>
  <title>
</title>
<meta http-equiv="Content-Type" content="text/html;charset=utf-8" />
  <meta name='ocr-system' content='tesseract 3.04.00' />
  <meta name='ocr-capabilities' content='ocr_page ocr_carea ocr_par ocr_line ocrx_word'/>
</head>
<body>
  <div class='ocr_page' id='page_1' title='image "./operaquaesupersu28melauoft/operaquaesupersu28melauoft_0353.png"; bbox 0 0 2299 2921; ppageno 0'>
   <div class='ocr_carea' id='block_1_1' title="bbox 154 123 197 156">
    <p class='ocr_par' dir='ltr' id='par_1_1' title="bbox 154 123 197 156">
     <span class='ocr_line' id='line_1_1' title="bbox 154 123 197 156; baseline -0.023 0"><span class='ocrx_word' id='word_1_1' title='bbox 154 123 197 156; x_wconf 88' lang='grc'>85</span> 
     </span>
    </p>
   </div>
   <div class='ocr_carea' id='block_1_2' title="bbox 154 218 314 332">
    <p class='ocr_par' dir='ltr' id='par_1_2' title="bbox 154 218 314 332">
     <span class='ocr_line' id='line_1_2' title="bbox 154 218 314 248; baseline -0.013 0"><span class='ocrx_word' id='word_1_2' title='bbox 154 218 231 248; x_wconf 90' lang='lat' dir='ltr'>Nov.</span> <span class='ocrx_word' id='word_1_3' title='bbox 276 219 314 247; x_wconf 90' lang='lat'>10</span> 
     </span>
     <span class='ocr_line' id='line_1_3' title="bbox 275 262 309 290; baseline -0.029 0"><span class='ocrx_word' id='word_1_4' title='bbox 275 262 309 290; x_wconf 92' lang='lat'>11</span> 
     </span>
     <span class='ocr_line' id='line_1_4' title="bbox 276 304 313 332; baseline 0 0"><span class='ocrx_word' id='word_1_5' title='bbox 276 304 313 332; x_wconf 85' lang='lat'>19</span> 
     </span>
    </p>
   </div>
   <div class='ocr_carea' id='block_1_3' title="bbox 273 346 322 418">
    <p class='ocr_par' dir='ltr' id='par_1_3' title="bbox 273 346 322 418">
     <span class='ocr_line' id='line_1_5' title="bbox 273 346 322 375; baseline 0.02 -1"><span class='ocrx_word' id='word_1_6' title='bbox 273 346 322 375; x_wconf 90' lang='grc'>22.</span> 
     </span>
     <span class='ocr_line' id='line_1_6' title="bbox 273 389 322 418; baseline 0.02 -1"><span class='ocrx_word' id='word_1_7' title='bbox 273 389 322 418; x_wconf 89' lang='grc'>23.</span> 
     </span>
    </p>
   </div>
   <div class='ocr_carea' id='block_1_4' title="bbox 272 517 321 547">
    <p class='ocr_par' dir='ltr' id='par_1_4' title="bbox 272 517 321 547">
     <span class='ocr_line' id='line_1_7' title="bbox 272 517 321 547; baseline 0.041 -2"><span class='ocrx_word' id='word_1_8' title='bbox 272 517 321 547; x_wconf 88' lang='grc'>25.</span> 
     </span>
    </p>
   </div>
   <div class='ocr_carea' id='block_1_5' title="bbox 150 559 320 632">
    <p class='ocr_par' dir='ltr' id='par_1_5' title="bbox 150 559 320 632">
     <span class='ocr_line' id='line_1_8' title="bbox 150 559 320 590; baseline -0.006 -1"><span class='ocrx_word' id='word_1_9' title='bbox 150 559 223 590; x_wconf 89' lang='lat' dir='ltr'>Dec.</span> <span class='ocrx_word' id='word_1_10' title='bbox 273 561 320 588; x_wconf 89' lang='lat'>13.</span> 
     </span>
     <span class='ocr_line' id='line_1_9' title="bbox 273 604 320 632; baseline 0 -1"><span class='ocrx_word' id='word_1_11' title='bbox 273 604 320 632; x_wconf 86' lang='lat'>19.</span> 
     </span>
    </p>
   </div>
   <div class='ocr_carea' id='block_1_6' title="bbox 268 688 319 760">
    <p class='ocr_par' dir='ltr' id='par_1_6' title="bbox 268 688 319 760">
     <span class='ocr_line' id='line_1_10' title="bbox 268 688 317 717; baseline 0.02 -1"><span class='ocrx_word' id='word_1_12' title='bbox 268 688 317 717; x_wconf 90' lang='grc'>22.</span> 
     </span>
     <span class='ocr_line' id='line_1_11' title="bbox 270 731 319 760; baseline 0.02 -1"><span class='ocrx_word' id='word_1_13' title='bbox 270 731 319 760; x_wconf 88' lang='grc'>24.</span> 
     </span>
    </p>
   </div>
   <div class='ocr_carea' id='block_1_7' title="bbox 149 986 213 1016">
    <p class='ocr_par' dir='ltr' id='par_1_7' title="bbox 149 986 213 1016">
     <span class='ocr_line' id='line_1_12' title="bbox 149 986 213 1016; baseline 0.016 -1"><span class='ocrx_word' id='word_1_14' title='bbox 149 986 213 1016; x_wconf 89' lang='lat' dir='ltr'>Ian.</span> 
     </span>
    </p>
   </div>
   <div class='ocr_carea' id='block_1_8' title="bbox 148 1456 237 1486">
    <p class='ocr_par' dir='ltr' id='par_1_8' title="bbox 148 1456 237 1486">
     <span class='ocr_line' id='line_1_13' title="bbox 148 1456 237 1486; baseline -0.011 0"><span class='ocrx_word' id='word_1_15' title='bbox 148 1456 237 1486; x_wconf 85' lang='lat' dir='ltr'><strong>Febr.</strong></span> 
     </span>
    </p>
   </div>
   <div class='ocr_carea' id='block_1_9' title="bbox 147 1628 231 1656">
    <p class='ocr_par' dir='ltr' id='par_1_9' title="bbox 147 1628 231 1656">
     <span class='ocr_line' id='line_1_14' title="bbox 147 1628 231 1656; baseline 0 0"><span class='ocrx_word' id='word_1_16' title='bbox 147 1628 231 1656; x_wconf 87' lang='lat' dir='ltr'>Mart.</span> 
     </span>
    </p>
   </div>
   <div class='ocr_carea' id='block_1_10' title="bbox 149 1969 318 2008">
    <p class='ocr_par' dir='ltr' id='par_1_10' title="bbox 149 1969 318 2008">
     <span class='ocr_line' id='line_1_15' title="bbox 149 1969 318 2008; baseline 0 -10"><span class='ocrx_word' id='word_1_17' title='bbox 149 1969 243 2008; x_wconf 90' lang='lat' dir='ltr'>April.</span> <span class='ocrx_word' id='word_1_18' title='bbox 289 1970 318 1998; x_wconf 87' lang='grc'>2.</span> 
     </span>
    </p>
   </div>
   <div class='ocr_carea' id='block_1_11' title="bbox 149 2183 218 2213">
    <p class='ocr_par' dir='ltr' id='par_1_11' title="bbox 149 2183 218 2213">
     <span class='ocr_line' id='line_1_16' title="bbox 149 2183 218 2213; baseline 0 -1"><span class='ocrx_word' id='word_1_19' title='bbox 149 2183 218 2213; x_wconf 90' lang='lat' dir='ltr'>Mai.</span> 
     </span>
    </p>
   </div>
   <div class='ocr_carea' id='block_1_12' title="bbox 149 2353 319 2384">
    <p class='ocr_par' dir='ltr' id='par_1_12' title="bbox 149 2353 319 2384">
     <span class='ocr_line' id='line_1_17' title="bbox 149 2353 319 2384; baseline 0.012 -2"><span class='ocrx_word' id='word_1_20' title='bbox 149 2353 214 2384; x_wconf 88' lang='lat' dir='ltr'>Iun.</span> <span class='ocrx_word' id='word_1_21' title='bbox 292 2357 319 2384; x_wconf 83' lang='lat'>5.</span> 
     </span>
    </p>
   </div>
   <div class='ocr_carea' id='block_1_13' title="bbox 150 2483 321 2513">
    <p class='ocr_par' dir='ltr' id='par_1_13' title="bbox 150 2483 321 2513">
     <span class='ocr_line' id='line_1_18' title="bbox 150 2483 321 2513; baseline 0 0"><span class='ocrx_word' id='word_1_22' title='bbox 150 2483 204 2513; x_wconf 92' lang='lat' dir='ltr'>Iul.</span> <span class='ocrx_word' id='word_1_23' title='bbox 274 2485 321 2513; x_wconf 89' lang='lat'>15.</span> 
     </span>
    </p>
   </div>
   <div class='ocr_carea' id='block_1_14' title="bbox 288 988 319 1143">
    <p class='ocr_par' dir='ltr' id='par_1_14' title="bbox 288 988 319 1143">
     <span class='ocr_line' id='line_1_19' title="bbox 288 988 319 1143; textangle 90"><span class='ocrx_word' id='word_1_24' title='bbox 288 988 319 1143; x_wconf 40' lang='lat' dir='ltr'>eser</span> 
     </span>
    </p>
   </div>
   <div class='ocr_carea' id='block_1_15' title="bbox 929 117 2166 155">
    <p class='ocr_par' dir='ltr' id='par_1_15' title="bbox 929 117 2166 155">
     <span class='ocr_line' id='line_1_20' title="bbox 929 117 2166 155; baseline -0.002 -1"><span class='ocrx_word' id='word_1_25' title='bbox 929 121 953 155; x_wconf 91' lang='lat'>1.</span> <span class='ocrx_word' id='word_1_26' title='bbox 996 119 1205 154; x_wconf 85' lang='lat' dir='ltr'>ANNALES</span> <span class='ocrx_word' id='word_1_27' title='bbox 1234 118 1382 152; x_wconf 80' lang='lat' dir='ltr'>VITAE.</span> <span class='ocrx_word' id='word_1_28' title='bbox 2121 117 2166 152; x_wconf 88' lang='grc'>86</span> 
     </span>
    </p>
   </div>
   <div class='ocr_carea' id='block_1_16' title="bbox 317 214 2162 674">
    <p class='ocr_par' dir='ltr' id='par_1_16' title="bbox 318 214 1732 253">
     <span class='ocr_line' id='line_1_21' title="bbox 318 214 1732 253; baseline -0.003 -7"><span class='ocrx_word' id='word_1_29' title='bbox 318 239 325 246; x_wconf 98' lang='grc'>.</span> <span class='ocrx_word' id='word_1_30' title='bbox 349 217 492 246; x_wconf 83' lang='lat' dir='ltr'>Hortatur</span> <span class='ocrx_word' id='word_1_31' title='bbox 514 217 550 246; x_wconf 90' lang='lat' dir='ltr'>V.</span> <span class='ocrx_word' id='word_1_32' title='bbox 573 217 761 246; x_wconf 86' lang='lat' dir='ltr'>Theodorum</span> <span class='ocrx_word' id='word_1_33' title='bbox 785 220 818 245; x_wconf 88' lang='lat' dir='ltr'>ut</span> <span class='ocrx_word' id='word_1_34' title='bbox 839 216 962 245; x_wconf 87' lang='lat' dir='ltr'>Lutheri</span> <span class='ocrx_word' id='word_1_35' title='bbox 986 217 1226 246; x_wconf 84' lang='lat' dir='ltr'>commentarium</span> <span class='ocrx_word' id='word_1_36' title='bbox 1249 215 1279 243; x_wconf 91' lang='lat' dir='ltr'>in</span> <span class='ocrx_word' id='word_1_37' title='bbox 1300 214 1432 244; x_wconf 84' lang='lat' dir='ltr'>Genesin</span> <span class='ocrx_word' id='word_1_38' title='bbox 1454 222 1573 252; x_wconf 84' lang='lat' dir='ltr'>prorsus</span> <span class='ocrx_word' id='word_1_39' title='bbox 1590 218 1732 253; x_wconf 83' lang='lat' dir='ltr'><strong>pertexat.</strong></span> 
     </span>
    </p>

    <p class='ocr_par' dir='ltr' id='par_1_17' title="bbox 317 257 1454 297">
     <span class='ocr_line' id='line_1_22' title="bbox 317 257 1454 297; baseline -0.004 -8"><span class='ocrx_word' id='word_1_40' title='bbox 317 282 323 289; x_wconf 97' lang='lat'><strong>.</strong></span> <span class='ocrx_word' id='word_1_41' title='bbox 347 260 445 289; x_wconf 88' lang='lat' dir='ltr'>Iustus</span> <span class='ocrx_word' id='word_1_42' title='bbox 463 260 552 288; x_wconf 85' lang='lat' dir='ltr'>Ionas</span> <span class='ocrx_word' id='word_1_43' title='bbox 575 260 734 296; x_wconf 88' lang='lat' dir='ltr'>Viteberga</span> <span class='ocrx_word' id='word_1_44' title='bbox 757 268 875 297; x_wconf 86' lang='lat' dir='ltr'>prorsus</span> <span class='ocrx_word' id='word_1_45' title='bbox 899 260 1024 288; x_wconf 79' lang='lat' dir='ltr'><strong>discedit</strong></span> <span class='ocrx_word' id='word_1_46' title='bbox 1046 261 1084 288; x_wconf 82' lang='lat' dir='ltr'>ad</span> <span class='ocrx_word' id='word_1_47' title='bbox 1107 259 1259 288; x_wconf 85' lang='lat' dir='ltr'>ecclesiam</span> <span class='ocrx_word' id='word_1_48' title='bbox 1283 257 1454 286; x_wconf 87' lang='lat' dir='ltr'>Halensem.</span> 
     </span>
    </p>

    <p class='ocr_par' dir='ltr' id='par_1_18' title="bbox 317 300 1484 340">
     <span class='ocr_line' id='line_1_23' title="bbox 317 300 1484 340; baseline -0.003 -8"><span class='ocrx_word' id='word_1_49' title='bbox 317 325 324 332; x_wconf 90' lang='lat'><strong>.</strong></span> <span class='ocrx_word' id='word_1_50' title='bbox 347 303 431 340; x_wconf 86' lang='lat' dir='ltr'>Papa</span> <span class='ocrx_word' id='word_1_51' title='bbox 453 303 557 330; x_wconf 80' lang='lat' dir='ltr'>indicit</span> <span class='ocrx_word' id='word_1_52' title='bbox 580 303 734 330; x_wconf 87' lang='lat' dir='ltr'>concilium</span> <span class='ocrx_word' id='word_1_53' title='bbox 753 302 887 330; x_wconf 88' lang='lat' dir='ltr'>Tridenti</span> <span class='ocrx_word' id='word_1_54' title='bbox 910 303 1076 331; x_wconf 85' lang='lat' dir='ltr'>habendum</span> <span class='ocrx_word' id='word_1_55' title='bbox 1099 304 1137 331; x_wconf 85' lang='lat' dir='ltr'>ad</span> <span class='ocrx_word' id='word_1_56' title='bbox 1155 303 1183 332; x_wconf 89' lang='lat' dir='ltr'>d.</span> <span class='ocrx_word' id='word_1_57' title='bbox 1212 303 1258 331; x_wconf 84' lang='lat'>15.</span> <span class='ocrx_word' id='word_1_58' title='bbox 1282 301 1366 329; x_wconf 88' lang='lat' dir='ltr'>Mart.</span> <span class='ocrx_word' id='word_1_59' title='bbox 1394 300 1484 329; x_wconf 84' lang='lat'>1545.</span> 
     </span>
    </p>

    <p class='ocr_par' dir='ltr' id='par_1_19' title="bbox 344 345 1016 382">
     <span class='ocr_line' id='line_1_24' title="bbox 344 345 1016 382; baseline 0.001 -8"><span class='ocrx_word' id='word_1_60' title='bbox 344 346 412 374; x_wconf 87' lang='lat' dir='ltr'>Mel.</span> <span class='ocrx_word' id='word_1_61' title='bbox 438 350 555 373; x_wconf 83' lang='lat' dir='ltr'>enarrat</span> <span class='ocrx_word' id='word_1_62' title='bbox 577 345 662 382; x_wconf 85' lang='lat' dir='ltr'>epist.</span> <span class='ocrx_word' id='word_1_63' title='bbox 686 345 771 373; x_wconf 84' lang='lat' dir='ltr'>Pauli</span> <span class='ocrx_word' id='word_1_64' title='bbox 794 346 831 373; x_wconf 86' lang='lat' dir='ltr'>ad</span> <span class='ocrx_word' id='word_1_65' title='bbox 854 345 1016 375; x_wconf 87' lang='lat' dir='ltr'>Romanos.</span> 
     </span>
    </p>

    <p class='ocr_par' dir='ltr' id='par_1_20' title="bbox 343 385 2160 510">
     <span class='ocr_line' id='line_1_25' title="bbox 343 385 2160 426; baseline -0.001 -10"><span class='ocrx_word' id='word_1_66' title='bbox 343 389 466 416; x_wconf 81' lang='lat' dir='ltr'>Mandat</span> <span class='ocrx_word' id='word_1_67' title='bbox 490 388 630 424; x_wconf 73' lang='lat' dir='ltr'>Princeps</span> <span class='ocrx_word' id='word_1_68' title='bbox 654 388 789 422; x_wconf 78' lang='lat' dir='ltr'>Elector,</span> <span class='ocrx_word' id='word_1_69' title='bbox 821 392 852 415; x_wconf 89' lang='lat' dir='ltr'>ut</span> <span class='ocrx_word' id='word_1_70' title='bbox 883 388 1030 426; x_wconf 87' lang='lat' dir='ltr'>Theologi</span> <span class='ocrx_word' id='word_1_71' title='bbox 1062 387 1288 425; x_wconf 85' lang='lat' dir='ltr'>Vitebergenses</span> <span class='ocrx_word' id='word_1_72' title='bbox 1317 386 1544 424; x_wconf 82' lang='lat' dir='ltr'>complectantur</span> <span class='ocrx_word' id='word_1_73' title='bbox 1571 385 1732 413; x_wconf 74' lang='lat' dir='ltr'>doctrinam</span> <span class='ocrx_word' id='word_1_74' title='bbox 1757 385 1912 423; x_wconf 74' lang='lat' dir='ltr'>Evangelii</span> <span class='ocrx_word' id='word_1_75' title='bbox 1940 385 2050 423; x_wconf 86' lang='lat' dir='ltr'>scripto</span> <span class='ocrx_word' id='word_1_76' title='bbox 2082 387 2160 423; x_wconf 88' lang='lat' dir='ltr'>quod</span> 
     </span>
     <span class='ocr_line' id='line_1_26' title="bbox 376 428 2160 468; baseline -0.001 -9"><span class='ocrx_word' id='word_1_77' title='bbox 376 429 496 459; x_wconf 84' lang='lat' dir='ltr'>Caesari</span> <span class='ocrx_word' id='word_1_78' title='bbox 529 431 559 458; x_wconf 92' lang='lat' dir='ltr'>in</span> <span class='ocrx_word' id='word_1_79' title='bbox 593 431 718 459; x_wconf 84' lang='lat' dir='ltr'>comitiis</span> <span class='ocrx_word' id='word_1_80' title='bbox 749 430 1012 459; x_wconf 86' lang='lat' dir='ltr'>Wormatiensibus</span> <span class='ocrx_word' id='word_1_81' title='bbox 1047 431 1123 459; x_wconf 86' lang='lat' dir='ltr'>tradi</span> <span class='ocrx_word' id='word_1_82' title='bbox 1156 431 1258 468; x_wconf 85' lang='lat' dir='ltr'>possit.</span> <span class='ocrx_word' id='word_1_83' title='bbox 1313 428 1438 467; x_wconf 87' lang='lat' dir='ltr'>Scripsit</span> <span class='ocrx_word' id='word_1_84' title='bbox 1477 429 1576 466; x_wconf 88' lang='lat' dir='ltr'>itaque</span> <span class='ocrx_word' id='word_1_85' title='bbox 1611 428 1783 457; x_wconf 87' lang='lat' dir='ltr'>Melanthon</span> <span class='ocrx_word' id='word_1_86' title='bbox 1825 428 2160 465; x_wconf 85' lang='lat' dir='ltr'>„reformationem</span> 
     </span>
     <span class='ocr_line' id='line_1_27' title="bbox 376 473 926 510; baseline 0.002 -9"><span class='ocrx_word' id='word_1_87' title='bbox 376 473 720 510; x_wconf 73' lang='lat' dir='ltr'>Vitebe1·gensen1“‚</span> <span class='ocrx_word' id='word_1_88' title='bbox 744 477 775 500; x_wconf 90' lang='lat' dir='ltr'>ut</span> <span class='ocrx_word' id='word_1_89' title='bbox 797 477 926 502; x_wconf 78' lang='lat' dir='ltr'>vocatur.</span> 
     </span>
    </p>

    <p class='ocr_par' dir='ltr' id='par_1_21' title="bbox 344 515 1293 553">
     <span class='ocr_line' id='line_1_28' title="bbox 344 515 1293 553; baseline -0.001 -9"><span class='ocrx_word' id='word_1_90' title='bbox 344 516 497 544; x_wconf 84' lang='lat' dir='ltr'>Praefatur</span> <span class='ocrx_word' id='word_1_91' title='bbox 519 517 550 544; x_wconf 88' lang='lat' dir='ltr'>in</span> <span class='ocrx_word' id='word_1_92' title='bbox 573 516 729 544; x_wconf 84' lang='lat' dir='ltr'>editionem</span> <span class='ocrx_word' id='word_1_93' title='bbox 751 516 840 543; x_wconf 87' lang='lat' dir='ltr'>LXX</span> <span class='ocrx_word' id='word_1_94' title='bbox 861 516 1057 553; x_wconf 89' lang='lat' dir='ltr'>Interpretum</span> <span class='ocrx_word' id='word_1_95' title='bbox 1081 515 1293 544; x_wconf 85' lang='lat' dir='ltr'>Basileensem.</span> 
     </span>
    </p>

    <p class='ocr_par' dir='ltr' id='par_1_22' title="bbox 343 559 1092 596">
     <span class='ocr_line' id='line_1_29' title="bbox 343 559 1092 596; baseline -0.003 -8"><span class='ocrx_word' id='word_1_96' title='bbox 343 560 485 588; x_wconf 86' lang='lat' dir='ltr'>Iudicium</span> <span class='ocrx_word' id='word_1_97' title='bbox 509 559 610 588; x_wconf 85' lang='lat' dir='ltr'>scribit</span> <span class='ocrx_word' id='word_1_98' title='bbox 632 560 667 587; x_wconf 90' lang='lat' dir='ltr'>de</span> <span class='ocrx_word' id='word_1_99' title='bbox 691 559 804 596; x_wconf 85' lang='lat' dir='ltr'>synodo</span> <span class='ocrx_word' id='word_1_100' title='bbox 827 568 845 586; x_wconf 90' lang='lat' dir='ltr'>a</span> <span class='ocrx_word' id='word_1_101' title='bbox 867 559 950 596; x_wconf 88' lang='lat' dir='ltr'>Papa</span> <span class='ocrx_word' id='word_1_102' title='bbox 972 560 1092 587; x_wconf 88' lang='lat' dir='ltr'>indicta.</span> 
     </span>
    </p>

    <p class='ocr_par' dir='ltr' id='par_1_23' title="bbox 343 598 2162 674">
     <span class='ocr_line' id='line_1_30' title="bbox 343 598 2162 639; baseline -0.001 -9"><span class='ocrx_word' id='word_1_103' title='bbox 343 602 512 639; x_wconf 89' lang='lat' dir='ltr'>Philippum</span> <span class='ocrx_word' id='word_1_104' title='bbox 541 601 759 639; x_wconf 87' lang='lat' dir='ltr'>Landgravium</span> <span class='ocrx_word' id='word_1_105' title='bbox 787 606 886 638; x_wconf 78' lang='lat' dir='ltr'>rogat,</span> <span class='ocrx_word' id='word_1_106' title='bbox 913 605 945 629; x_wconf 87' lang='lat' dir='ltr'>nt</span> <span class='ocrx_word' id='word_1_107' title='bbox 968 602 1131 630; x_wconf 84' lang='lat' dir='ltr'>intercedat</span> <span class='ocrx_word' id='word_1_108' title='bbox 1160 610 1215 639; x_wconf 86' lang='lat' dir='ltr'>pro</span> <span class='ocrx_word' id='word_1_109' title='bbox 1241 599 1476 637; x_wconf 79' lang='lat' dir='ltr'>Baumgartnero</span> <span class='ocrx_word' id='word_1_110' title='bbox 1502 598 1637 629; x_wconf 86' lang='lat' dir='ltr'>Senatori</span> <span class='ocrx_word' id='word_1_111' title='bbox 1658 598 1801 634; x_wconf 80' lang='lat' dir='ltr'>Norinb.‚</span> <span class='ocrx_word' id='word_1_112' title='bbox 1830 603 1916 637; x_wconf 89' lang='lat' dir='ltr'>capto</span> <span class='ocrx_word' id='word_1_113' title='bbox 1940 602 1968 627; x_wconf 90' lang='lat' dir='ltr'>et</span> <span class='ocrx_word' id='word_1_114' title='bbox 1989 600 2020 627; x_wconf 92' lang='lat' dir='ltr'>in</span> <span class='ocrx_word' id='word_1_115' title='bbox 2043 609 2162 628; x_wconf 82' lang='lat' dir='ltr'>carcere</span> 
     </span>
     <span class='ocr_line' id='line_1_31' title="bbox 375 649 495 674; baseline -0.008 -1"><span class='ocrx_word' id='word_1_116' title='bbox 375 649 495 674; x_wconf 85' lang='lat' dir='ltr'>retento.</span> 
     </span>
    </p>
   </div>
   <div class='ocr_carea' id='block_1_17' title="bbox 341 687 2107 767">
    <p class='ocr_par' dir='ltr' id='par_1_24' title="bbox 341 687 2107 767">
     <span class='ocr_line' id='line_1_32' title="bbox 341 687 943 716; baseline -0.002 0"><span class='ocrx_word' id='word_1_117' title='bbox 341 687 456 716; x_wconf 83' lang='lat' dir='ltr'>Iudicat</span> <span class='ocrx_word' id='word_1_118' title='bbox 478 688 514 715; x_wconf 85' lang='lat' dir='ltr'>de</span> <span class='ocrx_word' id='word_1_119' title='bbox 534 687 630 715; x_wconf 88' lang='lat' dir='ltr'>usuris</span> <span class='ocrx_word' id='word_1_120' title='bbox 654 692 682 715; x_wconf 86' lang='lat' dir='ltr'>et</span> <span class='ocrx_word' id='word_1_121' title='bbox 700 687 735 715; x_wconf 89' lang='lat' dir='ltr'>de</span> <span class='ocrx_word' id='word_1_122' title='bbox 755 687 943 715; x_wconf 84' lang='lat' dir='ltr'>mutuatione.</span> 
     </span>
     <span class='ocr_line' id='line_1_33' title="bbox 342 727 2107 767; baseline -0.001 -9"><span class='ocrx_word' id='word_1_123' title='bbox 342 731 450 758; x_wconf 86' lang='lat' dir='ltr'>Pastor</span> <span class='ocrx_word' id='word_1_124' title='bbox 471 730 613 758; x_wconf 88' lang='lat' dir='ltr'>ecclesiae</span> <span class='ocrx_word' id='word_1_125' title='bbox 636 729 784 759; x_wconf 85' lang='lat' dir='ltr'>Cibiensis</span> <span class='ocrx_word' id='word_1_126' title='bbox 806 730 836 757; x_wconf 88' lang='lat' dir='ltr'>in</span> <span class='ocrx_word' id='word_1_127' title='bbox 860 730 1016 767; x_wconf 84' lang='lat' dir='ltr'>Hungaria</span> <span class='ocrx_word' id='word_1_128' title='bbox 1039 728 1165 757; x_wconf 85' lang='lat' dir='ltr'>consulit</span> <span class='ocrx_word' id='word_1_129' title='bbox 1187 728 1355 765; x_wconf 81' lang='lat' dir='ltr'>Theologos</span> <span class='ocrx_word' id='word_1_130' title='bbox 1378 728 1606 766; x_wconf 86' lang='lat' dir='ltr'>Vitebergenses</span> <span class='ocrx_word' id='word_1_131' title='bbox 1628 728 1665 756; x_wconf 87' lang='lat' dir='ltr'>de</span> <span class='ocrx_word' id='word_1_132' title='bbox 1685 727 1817 756; x_wconf 89' lang='lat' dir='ltr'>doctrina</span> <span class='ocrx_word' id='word_1_133' title='bbox 1839 727 1875 756; x_wconf 90' lang='lat' dir='ltr'>de</span> <span class='ocrx_word' id='word_1_134' title='bbox 1898 737 1991 756; x_wconf 88' lang='lat' dir='ltr'>coena</span> <span class='ocrx_word' id='word_1_135' title='bbox 2012 736 2107 756; x_wconf 85' lang='lat' dir='ltr'>sacra.</span> 
     </span>
    </p>
   </div>
   <div class='ocr_carea' id='block_1_18' title="bbox 342 771 1486 853">
    <p class='ocr_par' dir='ltr' id='par_1_25' title="bbox 342 771 1486 853">
     <span class='ocr_line' id='line_1_34' title="bbox 342 771 1486 809; baseline -0.002 -8"><span class='ocrx_word' id='word_1_136' title='bbox 342 773 444 801; x_wconf 83' lang='lat' dir='ltr'>Edidit</span> <span class='ocrx_word' id='word_1_137' title='bbox 462 773 517 801; x_wconf 89' lang='lat' dir='ltr'>hoc</span> <span class='ocrx_word' id='word_1_138' title='bbox 536 783 614 801; x_wconf 91' lang='lat' dir='ltr'>anno</span> <span class='ocrx_word' id='word_1_139' title='bbox 636 773 841 801; x_wconf 83' lang='lat' dir='ltr'>annotationes</span> <span class='ocrx_word' id='word_1_140' title='bbox 864 774 893 800; x_wconf 89' lang='lat' dir='ltr'>in</span> <span class='ocrx_word' id='word_1_141' title='bbox 917 772 1092 809; x_wconf 81' lang='lat' dir='ltr'>Evangelia,</span> <span class='ocrx_word' id='word_1_142' title='bbox 1116 771 1247 808; x_wconf 78' lang='lat' dir='ltr'>Georgio</span> <span class='ocrx_word' id='word_1_143' title='bbox 1271 771 1343 799; x_wconf 87' lang='lat' dir='ltr'>Helt</span> <span class='ocrx_word' id='word_1_144' title='bbox 1365 771 1486 800; x_wconf 82' lang='lat' dir='ltr'>dicatas.</span> 
     </span>
     <span class='ocr_line' id='line_1_35' title="bbox 345 816 989 853; baseline 0 -9"><span class='ocrx_word' id='word_1_145' title='bbox 345 816 499 844; x_wconf 84' lang='lat' dir='ltr'>Praefatur</span> <span class='ocrx_word' id='word_1_146' title='bbox 522 816 553 844; x_wconf 90' lang='lat' dir='ltr'>in</span> <span class='ocrx_word' id='word_1_147' title='bbox 577 816 726 853; x_wconf 86' lang='lat' dir='ltr'>Rubigalli</span> <span class='ocrx_word' id='word_1_148' title='bbox 749 816 989 853; x_wconf 87' lang='lat' dir='ltr'>Hodoeporicon.</span> 
     </span>
    </p>
   </div>
   <div class='ocr_carea' id='block_1_19' title="bbox 992 913 1311 946">
    <p class='ocr_par' dir='ltr' id='par_1_26' title="bbox 992 913 1311 946">
     <span class='ocr_line' id='line_1_36' title="bbox 992 913 1311 946; baseline -0.009 0"><span class='ocrx_word' id='word_1_149' title='bbox 992 913 1149 946; x_wconf 89' lang='lat' dir='ltr'><strong>ANNO</strong></span> <span class='ocrx_word' id='word_1_150' title='bbox 1185 913 1311 944; x_wconf 82' lang='lat'>1545.</span> 
     </span>
    </p>
   </div>
   <div class='ocr_carea' id='block_1_20' title="bbox 339 982 2162 1280">
    <p class='ocr_par' dir='ltr' id='par_1_27' title="bbox 339 982 1898 1020">
     <span class='ocr_line' id='line_1_37' title="bbox 339 982 1898 1020; baseline -0.001 -6"><span class='ocrx_word' id='word_1_151' title='bbox 339 986 492 1014; x_wconf 81' lang='lat' dir='ltr'>Praefatur</span> <span class='ocrx_word' id='word_1_152' title='bbox 514 987 545 1014; x_wconf 89' lang='lat' dir='ltr'>in</span> <span class='ocrx_word' id='word_1_153' title='bbox 568 986 699 1014; x_wconf 87' lang='lat' dir='ltr'>Terentii</span> <span class='ocrx_word' id='word_1_154' title='bbox 723 986 889 1013; x_wconf 86' lang='lat' dir='ltr'>comoedias</span> <span class='ocrx_word' id='word_1_155' title='bbox 911 995 928 1013; x_wconf 84' lang='lat' dir='ltr'>a</span> <span class='ocrx_word' id='word_1_156' title='bbox 946 983 1116 1012; x_wconf 85' lang='lat' dir='ltr'>Camerario</span> <span class='ocrx_word' id='word_1_157' title='bbox 1141 983 1268 1011; x_wconf 87' lang='lat' dir='ltr'>edendas</span> <span class='ocrx_word' id='word_1_158' title='bbox 1286 983 1322 1010; x_wconf 90' lang='lat' dir='ltr'>de</span> <span class='ocrx_word' id='word_1_159' title='bbox 1345 982 1478 1020; x_wconf 87' lang='lat' dir='ltr'>legendis</span> <span class='ocrx_word' id='word_1_160' title='bbox 1500 983 1659 1020; x_wconf 87' lang='lat' dir='ltr'>tragoediis</span> <span class='ocrx_word' id='word_1_161' title='bbox 1678 987 1705 1012; x_wconf 89' lang='lat' dir='ltr'>et</span> <span class='ocrx_word' id='word_1_162' title='bbox 1729 984 1898 1013; x_wconf 85' lang='lat' dir='ltr'>comoediis.</span> 
     </span>
    </p>

    <p class='ocr_par' dir='ltr' id='par_1_28' title="bbox 343 1026 1785 1066">
     <span class='ocr_line' id='line_1_38' title="bbox 343 1026 1785 1066; baseline -0.001 -9"><span class='ocrx_word' id='word_1_163' title='bbox 343 1029 483 1066; x_wconf 85' lang='lat' dir='ltr'>Princeps</span> <span class='ocrx_word' id='word_1_164' title='bbox 506 1029 625 1057; x_wconf 86' lang='lat' dir='ltr'>Elector</span> <span class='ocrx_word' id='word_1_165' title='bbox 644 1029 733 1056; x_wconf 88' lang='lat' dir='ltr'>mittit</span> <span class='ocrx_word' id='word_1_166' title='bbox 755 1029 792 1056; x_wconf 87' lang='lat' dir='ltr'>ad</span> <span class='ocrx_word' id='word_1_167' title='bbox 816 1028 1038 1064; x_wconf 82' lang='lat' dir='ltr'>Vitebergenses</span> <span class='ocrx_word' id='word_1_168' title='bbox 1062 1026 1168 1054; x_wconf 85' lang='lat' dir='ltr'>Buceri</span> <span class='ocrx_word' id='word_1_169' title='bbox 1191 1027 1330 1063; x_wconf 81' lang='lat' dir='ltr'>scriptum</span> <span class='ocrx_word' id='word_1_170' title='bbox 1352 1026 1388 1053; x_wconf 90' lang='lat' dir='ltr'>de</span> <span class='ocrx_word' id='word_1_171' title='bbox 1410 1026 1614 1055; x_wconf 80' lang='lat' dir='ltr'>reformatione</span> <span class='ocrx_word' id='word_1_172' title='bbox 1637 1027 1785 1056; x_wconf 83' lang='lat' dir='ltr'>ecclesiae.</span> 
     </span>
    </p>

    <p class='ocr_par' dir='ltr' id='par_1_29' title="bbox 340 1068 1518 1106">
     <span class='ocr_line' id='line_1_39' title="bbox 340 1068 1518 1106; baseline -0.003 -6"><span class='ocrx_word' id='word_1_173' title='bbox 340 1071 414 1099; x_wconf 84' lang='lat' dir='ltr'>Fere</span> <span class='ocrx_word' id='word_1_174' title='bbox 437 1073 463 1100; x_wconf 90' lang='lat' dir='ltr'>d.</span> <span class='ocrx_word' id='word_1_175' title='bbox 489 1073 603 1100; x_wconf 80' lang='lat'>5-10.</span> <span class='ocrx_word' id='word_1_176' title='bbox 627 1071 689 1098; x_wconf 88' lang='lat' dir='ltr'>Ian.</span> <span class='ocrx_word' id='word_1_177' title='bbox 714 1071 900 1099; x_wconf 83' lang='lat' dir='ltr'>Camerarius</span> <span class='ocrx_word' id='word_1_178' title='bbox 925 1076 967 1098; x_wconf 85' lang='lat' dir='ltr'>est</span> <span class='ocrx_word' id='word_1_179' title='bbox 991 1070 1166 1106; x_wconf 80' lang='lat' dir='ltr'>Vitebergae</span> <span class='ocrx_word' id='word_1_180' title='bbox 1189 1069 1267 1106; x_wconf 88' lang='lat' dir='ltr'>apud</span> <span class='ocrx_word' id='word_1_181' title='bbox 1290 1068 1518 1097; x_wconf 83' lang='lat' dir='ltr'>Melanthonem.</span> 
     </span>
    </p>

    <p class='ocr_par' dir='ltr' id='par_1_30' title="bbox 340 1111 2162 1193">
     <span class='ocr_line' id='line_1_40' title="bbox 340 1111 2162 1150; baseline -0.001 -8"><span class='ocrx_word' id='word_1_182' title='bbox 340 1114 525 1142; x_wconf 84' lang='lat' dir='ltr'>Reformatio</span> <span class='ocrx_word' id='word_1_183' title='bbox 549 1114 783 1150; x_wconf 83' lang='lat' dir='ltr'>Vitebergensis,</span> <span class='ocrx_word' id='word_1_184' title='bbox 814 1118 845 1140; x_wconf 89' lang='lat' dir='ltr'>ut</span> <span class='ocrx_word' id='word_1_185' title='bbox 868 1117 1003 1147; x_wconf 75' lang='lat' dir='ltr'>vocatur,</span> <span class='ocrx_word' id='word_1_186' title='bbox 1026 1122 1043 1140; x_wconf 90' lang='lat' dir='ltr'>a</span> <span class='ocrx_word' id='word_1_187' title='bbox 1065 1112 1254 1140; x_wconf 81' lang='lat' dir='ltr'>Melanthone</span> <span class='ocrx_word' id='word_1_188' title='bbox 1277 1112 1386 1149; x_wconf 86' lang='lat' dir='ltr'>scripta</span> <span class='ocrx_word' id='word_1_189' title='bbox 1408 1112 1530 1140; x_wconf 88' lang='lat' dir='ltr'>mittitur</span> <span class='ocrx_word' id='word_1_190' title='bbox 1549 1112 1586 1140; x_wconf 83' lang='lat' dir='ltr'>ad</span> <span class='ocrx_word' id='word_1_191' title='bbox 1608 1112 1776 1150; x_wconf 87' lang='lat' dir='ltr'>Principem</span> <span class='ocrx_word' id='word_1_192' title='bbox 1799 1111 1908 1147; x_wconf 83' lang='lat' dir='ltr'>Elect.,</span> <span class='ocrx_word' id='word_1_193' title='bbox 1934 1116 1962 1140; x_wconf 90' lang='lat' dir='ltr'>et</span> <span class='ocrx_word' id='word_1_194' title='bbox 1981 1111 2068 1140; x_wconf 88' lang='lat' dir='ltr'>simul</span> <span class='ocrx_word' id='word_1_195' title='bbox 2088 1112 2162 1141; x_wconf 89' lang='lat' dir='ltr'>iudi·</span> 
     </span>
     <span class='ocr_line' id='line_1_41' title="bbox 372 1153 1332 1193; baseline -0.002 -9"><span class='ocrx_word' id='word_1_196' title='bbox 372 1158 458 1191; x_wconf 80' lang='lat' dir='ltr'>cium,</span> <span class='ocrx_word' id='word_1_197' title='bbox 483 1166 520 1184; x_wconf 87' lang='lat' dir='ltr'>an</span> <span class='ocrx_word' id='word_1_198' title='bbox 539 1156 677 1184; x_wconf 81' lang='lat' dir='ltr'>Pontifex</span> <span class='ocrx_word' id='word_1_199' title='bbox 700 1156 785 1184; x_wconf 89' lang='lat' dir='ltr'>Rom.</span> <span class='ocrx_word' id='word_1_200' title='bbox 809 1156 886 1193; x_wconf 88' lang='lat' dir='ltr'>apud</span> <span class='ocrx_word' id='word_1_201' title='bbox 906 1153 1061 1184; x_wconf 84' lang='lat' dir='ltr'>Caesarem</span> <span class='ocrx_word' id='word_1_202' title='bbox 1085 1156 1267 1183; x_wconf 85' lang='lat' dir='ltr'>accusandus</span> <span class='ocrx_word' id='word_1_203' title='bbox 1287 1155 1332 1182; x_wconf 89' lang='lat' dir='ltr'>sit.</span> 
     </span>
    </p>

    <p class='ocr_par' dir='ltr' id='par_1_31' title="bbox 341 1198 1289 1237">
     <span class='ocr_line' id='line_1_42' title="bbox 341 1198 1289 1237; baseline -0.001 -10"><span class='ocrx_word' id='word_1_204' title='bbox 341 1199 483 1237; x_wconf 88' lang='lat' dir='ltr'>Princeps</span> <span class='ocrx_word' id='word_1_205' title='bbox 505 1198 623 1227; x_wconf 81' lang='lat' dir='ltr'>Elector</span> <span class='ocrx_word' id='word_1_206' title='bbox 646 1199 755 1226; x_wconf 87' lang='lat' dir='ltr'>iudicat</span> <span class='ocrx_word' id='word_1_207' title='bbox 778 1199 813 1226; x_wconf 89' lang='lat' dir='ltr'>de</span> <span class='ocrx_word' id='word_1_208' title='bbox 837 1199 1056 1227; x_wconf 73' lang='lat' dir='ltr'>Reforntatione</span> <span class='ocrx_word' id='word_1_209' title='bbox 1076 1199 1289 1236; x_wconf 82' lang='lat' dir='ltr'>Vitebergensi.</span> 
     </span>
    </p>

    <p class='ocr_par' dir='ltr' id='par_1_32' title="bbox 341 1241 662 1280">
     <span class='ocr_line' id='line_1_43' title="bbox 341 1241 662 1280; baseline 0 -9"><span class='ocrx_word' id='word_1_210' title='bbox 341 1241 511 1280; x_wconf 90' lang='lat' dir='ltr'>Spalatinus</span> <span class='ocrx_word' id='word_1_211' title='bbox 531 1243 662 1271; x_wconf 89' lang='lat' dir='ltr'>moritur.</span> 
     </span>
    </p>
   </div>
   <div class='ocr_carea' id='block_1_21' title="bbox 311 1282 1044 1321">
    <p class='ocr_par' dir='ltr' id='par_1_33' title="bbox 311 1282 1044 1321">
     <span class='ocr_line' id='line_1_44' title="bbox 311 1282 1044 1321; baseline -0.003 -7"><span class='ocrx_word' id='word_1_212' title='bbox 311 1308 317 1314; x_wconf 90' lang='lat'>.</span> <span class='ocrx_word' id='word_1_213' title='bbox 340 1286 471 1313; x_wconf 81' lang='lat' dir='ltr'>Vocatur</span> <span class='ocrx_word' id='word_1_214' title='bbox 494 1285 664 1312; x_wconf 85' lang='lat' dir='ltr'>Melanthon</span> <span class='ocrx_word' id='word_1_215' title='bbox 683 1294 701 1312; x_wconf 86' lang='lat' dir='ltr'>a</span> <span class='ocrx_word' id='word_1_216' title='bbox 723 1284 807 1312; x_wconf 85' lang='lat' dir='ltr'>Duce</span> <span class='ocrx_word' id='word_1_217' title='bbox 829 1282 1044 1321; x_wconf 80' lang='lat' dir='ltr'>Wiirtemberg.</span> 
     </span>
    </p>
   </div>
   <div class='ocr_carea' id='block_1_22' title="bbox 340 1326 818 1364">
    <p class='ocr_par' dir='ltr' id='par_1_34' title="bbox 340 1326 818 1364">
     <span class='ocr_line' id='line_1_45' title="bbox 340 1326 818 1364; baseline 0 -9"><span class='ocrx_word' id='word_1_218' title='bbox 340 1328 469 1356; x_wconf 88' lang='lat' dir='ltr'>Enarrat</span> <span class='ocrx_word' id='word_1_219' title='bbox 488 1328 635 1355; x_wconf 86' lang='lat' dir='ltr'>Electram</span> <span class='ocrx_word' id='word_1_220' title='bbox 654 1326 818 1364; x_wconf 88' lang='lat' dir='ltr'>Sophoclis.</span> 
     </span>
    </p>
   </div>
   <div class='ocr_carea' id='block_1_23' title="bbox 311 1368 1584 1442">
    <p class='ocr_par' dir='ltr' id='par_1_35' title="bbox 311 1368 1584 1442">
     <span class='ocr_line' id='line_1_46' title="bbox 311 1368 1584 1406; baseline -0.002 -8"><span class='ocrx_word' id='word_1_221' title='bbox 311 1391 317 1398; x_wconf 93' lang='lat'><strong>.</strong></span> <span class='ocrx_word' id='word_1_222' title='bbox 341 1370 492 1399; x_wconf 87' lang='lat' dir='ltr'>Pontanus</span> <span class='ocrx_word' id='word_1_223' title='bbox 512 1370 748 1398; x_wconf 85' lang='lat' dir='ltr'>reformationem</span> <span class='ocrx_word' id='word_1_224' title='bbox 773 1369 922 1406; x_wconf 74' lang='lat' dir='ltr'>Viteberg.</span> <span class='ocrx_word' id='word_1_225' title='bbox 946 1369 1076 1397; x_wconf 81' lang='lat' dir='ltr'>defendit.</span> <span class='ocrx_word' id='word_1_226' title='bbox 1094 1369 1233 1398; x_wconf 86' lang='lat' dir='ltr'>adversus</span> <span class='ocrx_word' id='word_1_227' title='bbox 1252 1368 1398 1397; x_wconf 84' lang='lat' dir='ltr'>Electoris</span> <span class='ocrx_word' id='word_1_228' title='bbox 1421 1376 1584 1396; x_wconf 85' lang='lat' dir='ltr'>censuram.</span> 
     </span>
     <span class='ocr_line' id='line_1_47' title="bbox 311 1411 1090 1442; baseline -0.004 0"><span class='ocrx_word' id='word_1_229' title='bbox 311 1436 316 1442; x_wconf 93' lang='lat'><strong>.</strong></span> <span class='ocrx_word' id='word_1_230' title='bbox 339 1414 467 1442; x_wconf 85' lang='lat' dir='ltr'>Enarrat</span> <span class='ocrx_word' id='word_1_231' title='bbox 486 1414 517 1441; x_wconf 94' lang='lat' dir='ltr'>in</span> <span class='ocrx_word' id='word_1_232' title='bbox 540 1413 642 1441; x_wconf 84' lang='lat' dir='ltr'>schola</span> <span class='ocrx_word' id='word_1_233' title='bbox 664 1422 781 1441; x_wconf 88' lang='lat' dir='ltr'>carmen</span> <span class='ocrx_word' id='word_1_234' title='bbox 806 1412 902 1441; x_wconf 83' lang='lat' dir='ltr'>Ioach.</span> <span class='ocrx_word' id='word_1_235' title='bbox 921 1411 1090 1441; x_wconf 77' lang='lat' dir='ltr'>camerarii.</span> 
     </span>
    </p>
   </div>
   <div class='ocr_carea' id='block_1_24' title="bbox 343 1453 1977 1493">
    <p class='ocr_par' dir='ltr' id='par_1_36' title="bbox 343 1453 1977 1493">
     <span class='ocr_line' id='line_1_48' title="bbox 343 1453 1977 1493; baseline -0.001 -9"><span class='ocrx_word' id='word_1_236' title='bbox 343 1457 466 1484; x_wconf 86' lang='lat' dir='ltr'>Ineunte</span> <span class='ocrx_word' id='word_1_237' title='bbox 488 1456 574 1484; x_wconf 88' lang='lat' dir='ltr'>Febr.</span> <span class='ocrx_word' id='word_1_238' title='bbox 598 1456 744 1493; x_wconf 86' lang='lat' dir='ltr'>prodeunt</span> <span class='ocrx_word' id='word_1_239' title='bbox 763 1456 962 1483; x_wconf 80' lang='lat' dir='ltr'>enarrationes</span> <span class='ocrx_word' id='word_1_240' title='bbox 985 1455 1096 1492; x_wconf 87' lang='lat' dir='ltr'>aliquot</span> <span class='ocrx_word' id='word_1_241' title='bbox 1118 1455 1257 1482; x_wconf 90' lang='lat' dir='ltr'>librorum</span> <span class='ocrx_word' id='word_1_242' title='bbox 1281 1454 1463 1489; x_wconf 80' lang='lat' dir='ltr'>Ethicorum,</span> <span class='ocrx_word' id='word_1_243' title='bbox 1485 1462 1558 1491; x_wconf 88' lang='lat' dir='ltr'>quas</span> <span class='ocrx_word' id='word_1_244' title='bbox 1580 1453 1659 1482; x_wconf 88' lang='lat' dir='ltr'>dicat</span> <span class='ocrx_word' id='word_1_245' title='bbox 1680 1453 1815 1482; x_wconf 88' lang='lat' dir='ltr'>Arnoldo</span> <span class='ocrx_word' id='word_1_246' title='bbox 1838 1453 1977 1483; x_wconf 87' lang='lat' dir='ltr'>Burenio.</span> 
     </span>
    </p>
   </div>
   <div class='ocr_carea' id='block_1_25' title="bbox 310 1497 2158 1579">
    <p class='ocr_par' dir='ltr' id='par_1_37' title="bbox 310 1497 2158 1579">
     <span class='ocr_line' id='line_1_49' title="bbox 310 1497 1518 1535; baseline -0.002 -8"><span class='ocrx_word' id='word_1_247' title='bbox 310 1521 316 1527; x_wconf 92' lang='lat'><strong>.</strong></span> <span class='ocrx_word' id='word_1_248' title='bbox 341 1499 474 1528; x_wconf 86' lang='lat' dir='ltr'>Censura</span> <span class='ocrx_word' id='word_1_249' title='bbox 495 1498 674 1535; x_wconf 84' lang='lat' dir='ltr'>Landgravii</span> <span class='ocrx_word' id='word_1_250' title='bbox 695 1503 723 1526; x_wconf 84' lang='lat' dir='ltr'>et</span> <span class='ocrx_word' id='word_1_251' title='bbox 745 1499 807 1526; x_wconf 87' lang='lat' dir='ltr'>eius</span> <span class='ocrx_word' id='word_1_252' title='bbox 827 1499 1045 1535; x_wconf 87' lang='lat' dir='ltr'>Theologorum</span> <span class='ocrx_word' id='word_1_253' title='bbox 1070 1499 1106 1526; x_wconf 82' lang='lat' dir='ltr'>de</span> <span class='ocrx_word' id='word_1_254' title='bbox 1130 1498 1347 1526; x_wconf 85' lang='lat' dir='ltr'>Reformatione</span> <span class='ocrx_word' id='word_1_255' title='bbox 1370 1497 1518 1534; x_wconf 86' lang='lat' dir='ltr'>Viteberg.</span> 
     </span>
     <span class='ocr_line' id='line_1_50' title="bbox 310 1539 2158 1579; baseline -0.001 -9"><span class='ocrx_word' id='word_1_256' title='bbox 310 1564 315 1570; x_wconf 93' lang='lat'><strong>.</strong></span> <span class='ocrx_word' id='word_1_257' title='bbox 339 1541 424 1570; x_wconf 88' lang='lat' dir='ltr'>Iussu</span> <span class='ocrx_word' id='word_1_258' title='bbox 454 1541 600 1579; x_wconf 87' lang='lat' dir='ltr'>Principis</span> <span class='ocrx_word' id='word_1_259' title='bbox 628 1542 866 1569; x_wconf 82' lang='lat' dir='ltr'>deliberationem</span> <span class='ocrx_word' id='word_1_260' title='bbox 895 1542 930 1569; x_wconf 85' lang='lat' dir='ltr'>de</span> <span class='ocrx_word' id='word_1_261' title='bbox 958 1541 1168 1569; x_wconf 84' lang='lat' dir='ltr'>instauratione</span> <span class='ocrx_word' id='word_1_262' title='bbox 1198 1541 1397 1569; x_wconf 84' lang='lat' dir='ltr'>Ecclesiarum</span> <span class='ocrx_word' id='word_1_263' title='bbox 1429 1541 1514 1568; x_wconf 82' lang='lat' dir='ltr'>vertit</span> <span class='ocrx_word' id='word_1_264' title='bbox 1532 1540 1562 1567; x_wconf 92' lang='lat' dir='ltr'>in</span> <span class='ocrx_word' id='word_1_265' title='bbox 1588 1539 1718 1578; x_wconf 85' lang='lat' dir='ltr'>linguam</span> <span class='ocrx_word' id='word_1_266' title='bbox 1741 1539 1873 1568; x_wconf 87' lang='lat' dir='ltr'>latinam.</span> <span class='ocrx_word' id='word_1_267' title='bbox 1896 1556 1940 1561; x_wconf 94' lang='lat'>—-</span> <span class='ocrx_word' id='word_1_268' title='bbox 1959 1540 2049 1568; x_wconf 90' lang='lat' dir='ltr'>Mittit</span> <span class='ocrx_word' id='word_1_269' title='bbox 2073 1548 2158 1568; x_wconf 87' lang='lat' dir='ltr'>ora—</span> 
     </span>
    </p>
   </div>
   <div class='ocr_carea' id='block_1_26' title="bbox 338 1583 1514 1706">
    <p class='ocr_par' dir='ltr' id='par_1_38' title="bbox 338 1583 1514 1706">
     <span class='ocr_line' id='line_1_51' title="bbox 371 1583 754 1613; baseline 0 -1"><span class='ocrx_word' id='word_1_270' title='bbox 371 1585 505 1613; x_wconf 87' lang='lat' dir='ltr'>tionem</span> <span class='ocrx_word' id='word_1_271' title='bbox 529 1584 571 1612; x_wconf 90' lang='lat' dir='ltr'>de</span> <span class='ocrx_word' id='word_1_272' title='bbox 594 1583 754 1612; x_wconf 84' lang='lat' dir='ltr'>Basilio.</span> 
     </span>
     <span class='ocr_line' id='line_1_52' title="bbox 338 1625 1514 1664; baseline -0.003 -8"><span class='ocrx_word' id='word_1_273' title='bbox 338 1628 462 1656; x_wconf 85' lang='lat' dir='ltr'>Ineunte</span> <span class='ocrx_word' id='word_1_274' title='bbox 485 1627 590 1655; x_wconf 87' lang='lat' dir='ltr'>Martio</span> <span class='ocrx_word' id='word_1_275' title='bbox 612 1627 757 1663; x_wconf 81' lang='lat' dir='ltr'>Theologi</span> <span class='ocrx_word' id='word_1_276' title='bbox 780 1627 874 1654; x_wconf 85' lang='lat' dir='ltr'>Viteb.</span> <span class='ocrx_word' id='word_1_277' title='bbox 896 1627 1073 1664; x_wconf 87' lang='lat' dir='ltr'>respondent</span> <span class='ocrx_word' id='word_1_278' title='bbox 1096 1627 1133 1655; x_wconf 89' lang='lat' dir='ltr'>ad</span> <span class='ocrx_word' id='word_1_279' title='bbox 1155 1635 1307 1655; x_wconf 87' lang='lat' dir='ltr'>censuram</span> <span class='ocrx_word' id='word_1_280' title='bbox 1326 1625 1514 1663; x_wconf 85' lang='lat' dir='ltr'>Landgravii.</span> 
     </span>
     <span class='ocr_line' id='line_1_53' title="bbox 341 1669 1131 1706; baseline -0.003 -7"><span class='ocrx_word' id='word_1_281' title='bbox 341 1670 494 1699; x_wconf 84' lang='lat' dir='ltr'>Praefatur</span> <span class='ocrx_word' id='word_1_282' title='bbox 514 1671 544 1698; x_wconf 90' lang='lat' dir='ltr'>in</span> <span class='ocrx_word' id='word_1_283' title='bbox 568 1670 653 1699; x_wconf 88' lang='lat' dir='ltr'>Tom.</span> <span class='ocrx_word' id='word_1_284' title='bbox 677 1669 700 1699; x_wconf 95' lang='grc' dir='ltr'>Ι.</span> <span class='ocrx_word' id='word_1_285' title='bbox 723 1679 843 1706; x_wconf 87' lang='lat' dir='ltr'>operum</span> <span class='ocrx_word' id='word_1_286' title='bbox 866 1670 982 1698; x_wconf 86' lang='lat' dir='ltr'>latinor.</span> <span class='ocrx_word' id='word_1_287' title='bbox 1002 1669 1131 1698; x_wconf 87' lang='lat' dir='ltr'>Lutheri.</span> 
     </span>
    </p>
   </div>
   <div class='ocr_carea' id='block_1_27' title="bbox 310 1712 1405 1750">
    <p class='ocr_par' dir='ltr' id='par_1_39' title="bbox 310 1712 1405 1750">
     <span class='ocr_line' id='line_1_54' title="bbox 310 1712 1405 1750; baseline -0.003 -8"><span class='ocrx_word' id='word_1_288' title='bbox 310 1736 316 1742; x_wconf 91' lang='lat'><strong>.</strong></span> <span class='ocrx_word' id='word_1_289' title='bbox 341 1714 443 1742; x_wconf 86' lang='lat' dir='ltr'>Alesio</span> <span class='ocrx_word' id='word_1_290' title='bbox 466 1712 554 1742; x_wconf 86' lang='lat' dir='ltr'>Scoto</span> <span class='ocrx_word' id='word_1_291' title='bbox 579 1713 679 1741; x_wconf 84' lang='lat' dir='ltr'>scribit</span> <span class='ocrx_word' id='word_1_292' title='bbox 697 1713 856 1740; x_wconf 85' lang='lat' dir='ltr'>sententias</span> <span class='ocrx_word' id='word_1_293' title='bbox 879 1713 908 1740; x_wconf 90' lang='lat' dir='ltr'>in</span> <span class='ocrx_word' id='word_1_294' title='bbox 930 1722 1014 1741; x_wconf 89' lang='lat' dir='ltr'>usum</span> <span class='ocrx_word' id='word_1_295' title='bbox 1035 1713 1167 1750; x_wconf 88' lang='lat' dir='ltr'>publicae</span> <span class='ocrx_word' id='word_1_296' title='bbox 1190 1712 1405 1749; x_wconf 81' lang='lat' dir='ltr'>disputationis.</span> 
     </span>
    </p>
   </div>
   <div class='ocr_carea' id='block_1_28' title="bbox 339 1756 1331 1792">
    <p class='ocr_par' dir='ltr' id='par_1_40' title="bbox 339 1756 1331 1792">
     <span class='ocr_line' id='line_1_55' title="bbox 339 1756 1331 1792; baseline -0.002 -7"><span class='ocrx_word' id='word_1_297' title='bbox 339 1757 466 1786; x_wconf 86' lang='lat' dir='ltr'>Comitia</span> <span class='ocrx_word' id='word_1_298' title='bbox 488 1756 668 1784; x_wconf 75' lang='lat' dir='ltr'>Wormatiac</span> <span class='ocrx_word' id='word_1_299' title='bbox 690 1756 789 1783; x_wconf 82' lang='lat' dir='ltr'>habita</span> <span class='ocrx_word' id='word_1_300' title='bbox 810 1756 992 1783; x_wconf 81' lang='lat' dir='ltr'>inchoantur.</span> <span class='ocrx_word' id='word_1_301' title='bbox 1038 1756 1135 1783; x_wconf 87' lang='lat' dir='ltr'>Finita</span> <span class='ocrx_word' id='word_1_302' title='bbox 1158 1756 1184 1783; x_wconf 88' lang='lat' dir='ltr'>d.</span> <span class='ocrx_word' id='word_1_303' title='bbox 1206 1756 1234 1782; x_wconf 83' lang='lat'>4.</span> <span class='ocrx_word' id='word_1_304' title='bbox 1253 1756 1331 1792; x_wconf 83' lang='lat' dir='ltr'>Aug.</span> 
     </span>
    </p>
   </div>
   <div class='ocr_carea' id='block_1_29' title="bbox 308 1795 2158 1836">
    <p class='ocr_par' dir='ltr' id='par_1_41' title="bbox 308 1795 2158 1836">
     <span class='ocr_line' id='line_1_56' title="bbox 308 1795 2158 1836; baseline -0.002 -9"><span class='ocrx_word' id='word_1_305' title='bbox 308 1823 315 1830; x_wconf 86' lang='lat'>.</span> <span class='ocrx_word' id='word_1_306' title='bbox 340 1799 493 1828; x_wconf 83' lang='lat' dir='ltr'>Fontanus</span> <span class='ocrx_word' id='word_1_307' title='bbox 523 1800 560 1827; x_wconf 86' lang='lat' dir='ltr'>ad</span> <span class='ocrx_word' id='word_1_308' title='bbox 582 1799 746 1826; x_wconf 76' lang='lat' dir='ltr'>Electorem</span> <span class='ocrx_word' id='word_1_309' title='bbox 777 1799 808 1826; x_wconf 89' lang='lat' dir='ltr'>in</span> <span class='ocrx_word' id='word_1_310' title='bbox 829 1799 933 1827; x_wconf 76' lang='lat' dir='ltr'>Tabul.</span> <span class='ocrx_word' id='word_1_311' title='bbox 966 1799 1089 1827; x_wconf 84' lang='lat' dir='ltr'>Wimar.</span> <span class='ocrx_word' id='word_1_312' title='bbox 1113 1799 1240 1835; x_wconf 84' lang='lat' dir='ltr'>Registr.</span> <span class='ocrx_word' id='word_1_313' title='bbox 1265 1798 1304 1826; x_wconf 90' lang='lat' dir='ltr'>H.</span> <span class='ocrx_word' id='word_1_314' title='bbox 1324 1808 1354 1836; x_wconf 90' lang='lat' dir='ltr'>p.</span> <span class='ocrx_word' id='word_1_315' title='bbox 1380 1797 1464 1825; x_wconf 83' lang='lat'><strong>603.:</strong></span> <span class='ocrx_word' id='word_1_316' title='bbox 1497 1796 1562 1833; x_wconf 58' lang='lat' dir='ltr'>„Ystb</span> <span class='ocrx_word' id='word_1_317' title='bbox 1588 1795 1691 1834; x_wconf 67' lang='lat' dir='ltr'>berboff</span> <span class='ocrx_word' id='word_1_318' title='bbox 1715 1797 1794 1833; x_wconf 62' lang='lat' dir='ltr'>fflhrg.</span> <span class='ocrx_word' id='word_1_319' title='bbox 1820 1795 1973 1833; x_wconf 57' lang='lat' dir='ltr'>ffibitittruss</span> <span class='ocrx_word' id='word_1_320' title='bbox 2003 1797 2049 1833; x_wconf 61' lang='lat' dir='ltr'>soil</span> <span class='ocrx_word' id='word_1_321' title='bbox 2076 1796 2158 1833; x_wconf 52' lang='lat' dir='ltr'>ficunt</span> 
     </span>
    </p>
   </div>
   <div class='ocr_carea' id='block_1_30' title="bbox 370 1839 2156 1879">
    <p class='ocr_par' dir='ltr' id='par_1_42' title="bbox 370 1839 2156 1879">
     <span class='ocr_line' id='line_1_57' title="bbox 370 1839 2156 1879; baseline -0.002 -7"><span class='ocrx_word' id='word_1_322' title='bbox 370 1844 449 1879; x_wconf 71' lang='lat' dir='ltr'>fertig</span> <span class='ocrx_word' id='word_1_323' title='bbox 468 1843 574 1872; x_wconf 65' lang='lat' dir='ltr'>methea</span> <span class='ocrx_word' id='word_1_324' title='bbox 602 1843 651 1870; x_wconf 84' lang='lat' dir='ltr'>mit</span> <span class='ocrx_word' id='word_1_325' title='bbox 670 1844 714 1870; x_wconf 74' lang='lat' dir='ltr'>Det</span> <span class='ocrx_word' id='word_1_326' title='bbox 734 1841 851 1877; x_wconf 65' lang='lat' dir='ltr'>{Betiion</span> <span class='ocrx_word' id='word_1_327' title='bbox 879 1843 922 1871; x_wconf 67' lang='lat' dir='ltr'>ine</span> <span class='ocrx_word' id='word_1_328' title='bbox 942 1842 1098 1878; x_wconf 62' lang='lat' dir='ltr'>Quteintfctye</span> <span class='ocrx_word' id='word_1_329' title='bbox 1123 1843 1169 1871; x_wconf 68' lang='lat' dir='ltr'>ber</span> <span class='ocrx_word' id='word_1_330' title='bbox 1189 1842 1293 1871; x_wconf 68' lang='lat' dir='ltr'>{Rotetn</span> <span class='ocrx_word' id='word_1_331' title='bbox 1313 1850 1348 1870; x_wconf 77' lang='lat' dir='ltr'>&lt;m</span> <span class='ocrx_word' id='word_1_332' title='bbox 1369 1841 1444 1876; x_wconf 64' lang='lat' dir='ltr'>Ruit.</span> <span class='ocrx_word' id='word_1_333' title='bbox 1463 1839 1610 1875; x_wconf 62' lang='lat' dir='ltr'>ffllajefic&#39;it„</span> <span class='ocrx_word' id='word_1_334' title='bbox 1635 1840 1719 1869; x_wconf 72' lang='lat' dir='ltr'>bumit</span> <span class='ocrx_word' id='word_1_335' title='bbox 1747 1840 1787 1869; x_wconf 70' lang='lat' dir='ltr'>bie</span> <span class='ocrx_word' id='word_1_336' title='bbox 1811 1839 1932 1875; x_wconf 64' lang='lat' dir='ltr'>bebuttyte</span> <span class='ocrx_word' id='word_1_337' title='bbox 1958 1839 2156 1875; x_wconf 68' lang='lat' dir='ltr'>{Retormntion</span> 
     </span>
    </p>
   </div>
   <div class='ocr_carea' id='block_1_31' title="bbox 339 1886 2115 1964">
    <p class='ocr_par' dir='ltr' id='par_1_43' title="bbox 339 1886 2115 1964">
     <span class='ocr_line' id='line_1_58' title="bbox 384 1886 804 1915; baseline -0.005 0"><span class='ocrx_word' id='word_1_338' title='bbox 384 1887 418 1915; x_wconf 70' lang='lat' dir='ltr'>⁰ss</span> <span class='ocrx_word' id='word_1_339' title='bbox 440 1886 651 1914; x_wconf 75' lang='lat' dir='ltr'>fiberantmottet</span> <span class='ocrx_word' id='word_1_340' title='bbox 670 1886 804 1913; x_wconf 77' lang='lat' dir='ltr'>metbett.“</span> 
     </span>
     <span class='ocr_line' id='line_1_59' title="bbox 339 1887 2115 1964; baseline -0.001 -8"><span class='ocrx_word' id='word_1_341' title='bbox 339 1887 485 1964; x_wconf 62' lang='lat' dir='ltr'>Tbeologi</span> <span class='ocrx_word' id='word_1_342' title='bbox 506 1928 732 1964; x_wconf 85' lang='lat' dir='ltr'>Vitebergenses</span> <span class='ocrx_word' id='word_1_343' title='bbox 755 1928 884 1955; x_wconf 88' lang='lat' dir='ltr'>scribunt</span> <span class='ocrx_word' id='word_1_344' title='bbox 902 1937 984 1956; x_wconf 91' lang='lat' dir='ltr'>suam</span> <span class='ocrx_word' id='word_1_345' title='bbox 1006 1927 1180 1955; x_wconf 86' lang='lat' dir='ltr'>sententiam</span> <span class='ocrx_word' id='word_1_346' title='bbox 1204 1927 1239 1955; x_wconf 85' lang='lat' dir='ltr'>de</span> <span class='ocrx_word' id='word_1_347' title='bbox 1263 1926 1461 1955; x_wconf 86' lang='lat' dir='ltr'>continuando</span> <span class='ocrx_word' id='word_1_348' title='bbox 1485 1930 1513 1954; x_wconf 82' lang='lat' dir='ltr'>et</span> <span class='ocrx_word' id='word_1_349' title='bbox 1534 1926 1717 1954; x_wconf 84' lang='lat' dir='ltr'>extendendo</span> <span class='ocrx_word' id='word_1_350' title='bbox 1738 1925 1855 1953; x_wconf 80' lang='lat' dir='ltr'>foedere</span> <span class='ocrx_word' id='word_1_351' title='bbox 1873 1924 2115 1955; x_wconf 79' lang='lat' dir='ltr'>Schmalealdico.</span> 
     </span>
    </p>
   </div>
   <div class='ocr_carea' id='block_1_32' title="bbox 341 1970 1943 2051">
    <p class='ocr_par' dir='ltr' id='par_1_44' title="bbox 341 1970 1943 2051">
     <span class='ocr_line' id='line_1_60' title="bbox 341 1970 1210 2008; baseline 0 -10"><span class='ocrx_word' id='word_1_352' title='bbox 341 1970 479 2007; x_wconf 84' lang='lat' dir='ltr'>Explicat</span> <span class='ocrx_word' id='word_1_353' title='bbox 501 1971 624 1998; x_wconf 89' lang='lat' dir='ltr'>dietum:</span> <span class='ocrx_word' id='word_1_354' title='bbox 645 1970 749 2006; x_wconf 83' lang='lat' dir='ltr'>„multi</span> <span class='ocrx_word' id='word_1_355' title='bbox 772 1975 838 1998; x_wconf 85' lang='lat' dir='ltr'>sunt</span> <span class='ocrx_word' id='word_1_356' title='bbox 860 1972 966 2006; x_wconf 77' lang='lat' dir='ltr'>vocati,</span> <span class='ocrx_word' id='word_1_357' title='bbox 989 1971 1073 2008; x_wconf 88' lang='lat' dir='ltr'>pauci</span> <span class='ocrx_word' id='word_1_358' title='bbox 1098 1970 1210 1998; x_wconf 79' lang='lat' dir='ltr'>electi.“</span> 
     </span>
     <span class='ocr_line' id='line_1_61' title="bbox 344 2011 1943 2051; baseline -0.001 -11"><span class='ocrx_word' id='word_1_359' title='bbox 344 2013 498 2050; x_wconf 87' lang='lat' dir='ltr'>Philippus</span> <span class='ocrx_word' id='word_1_360' title='bbox 518 2013 647 2050; x_wconf 85' lang='lat' dir='ltr'>Landgr.</span> <span class='ocrx_word' id='word_1_361' title='bbox 671 2014 830 2050; x_wconf 88' lang='lat' dir='ltr'>respondet</span> <span class='ocrx_word' id='word_1_362' title='bbox 851 2014 888 2041; x_wconf 90' lang='lat' dir='ltr'>ad</span> <span class='ocrx_word' id='word_1_363' title='bbox 910 2014 1021 2042; x_wconf 88' lang='lat' dir='ltr'>monita</span> <span class='ocrx_word' id='word_1_364' title='bbox 1044 2013 1299 2051; x_wconf 85' lang='lat' dir='ltr'>Vitebergensium</span> <span class='ocrx_word' id='word_1_365' title='bbox 1319 2013 1355 2041; x_wconf 90' lang='lat' dir='ltr'>de</span> <span class='ocrx_word' id='word_1_366' title='bbox 1378 2021 1431 2041; x_wconf 88' lang='lat' dir='ltr'>sua</span> <span class='ocrx_word' id='word_1_367' title='bbox 1454 2021 1578 2042; x_wconf 86' lang='lat' dir='ltr'>censura</span> <span class='ocrx_word' id='word_1_368' title='bbox 1596 2012 1824 2040; x_wconf 83' lang='lat' dir='ltr'>Reformationis</span> <span class='ocrx_word' id='word_1_369' title='bbox 1847 2011 1943 2040; x_wconf 89' lang='lat' dir='ltr'>Viteb.</span> 
     </span>
    </p>
   </div>
   <div class='ocr_carea' id='block_1_33' title="bbox 310 2056 2156 2137">
    <p class='ocr_par' dir='ltr' id='par_1_45' title="bbox 310 2056 2156 2137">
     <span class='ocr_line' id='line_1_62' title="bbox 310 2056 1307 2094; baseline -0.002 -8"><span class='ocrx_word' id='word_1_370' title='bbox 310 2080 316 2086; x_wconf 89' lang='lat'>.</span> <span class='ocrx_word' id='word_1_371' title='bbox 339 2056 407 2085; x_wconf 84' lang='lat' dir='ltr'>Mel.</span> <span class='ocrx_word' id='word_1_372' title='bbox 430 2056 568 2084; x_wconf 86' lang='lat' dir='ltr'>iudicium</span> <span class='ocrx_word' id='word_1_373' title='bbox 591 2056 627 2084; x_wconf 88' lang='lat' dir='ltr'>de</span> <span class='ocrx_word' id='word_1_374' title='bbox 649 2056 686 2084; x_wconf 88' lang='lat' dir='ltr'>iis</span> <span class='ocrx_word' id='word_1_375' title='bbox 705 2056 754 2093; x_wconf 81' lang='lat' dir='ltr'>qui</span> <span class='ocrx_word' id='word_1_376' title='bbox 777 2057 873 2084; x_wconf 85' lang='lat' dir='ltr'>vivere</span> <span class='ocrx_word' id='word_1_377' title='bbox 897 2061 1040 2093; x_wconf 86' lang='lat' dir='ltr'>coguntur</span> <span class='ocrx_word' id='word_1_378' title='bbox 1063 2057 1138 2084; x_wconf 89' lang='lat' dir='ltr'>inter</span> <span class='ocrx_word' id='word_1_379' title='bbox 1161 2056 1307 2094; x_wconf 87' lang='lat' dir='ltr'>Papistas.</span> 
     </span>
     <span class='ocr_line' id='line_1_63' title="bbox 310 2098 2156 2137; baseline -0.001 -9"><span class='ocrx_word' id='word_1_380' title='bbox 310 2121 316 2128; x_wconf 95' lang='lat'><strong>.</strong></span> <span class='ocrx_word' id='word_1_381' title='bbox 339 2098 491 2128; x_wconf 88' lang='lat' dir='ltr'>Sententia</span> <span class='ocrx_word' id='word_1_382' title='bbox 511 2099 579 2127; x_wconf 83' lang='lat' dir='ltr'>Mel.</span> <span class='ocrx_word' id='word_1_383' title='bbox 604 2099 640 2126; x_wconf 87' lang='lat' dir='ltr'>de</span> <span class='ocrx_word' id='word_1_384' title='bbox 662 2099 771 2136; x_wconf 84' lang='lat' dir='ltr'>scripto</span> <span class='ocrx_word' id='word_1_385' title='bbox 794 2100 921 2136; x_wconf 87' lang='lat' dir='ltr'>quodam</span> <span class='ocrx_word' id='word_1_386' title='bbox 933 2099 1280 2129; x_wconf 86' lang='lat' dir='ltr'>Turicensium.—Vid.</span> <span class='ocrx_word' id='word_1_387' title='bbox 1304 2098 1545 2137; x_wconf 81' lang='lat' dir='ltr'>epist-Electoris</span> <span class='ocrx_word' id='word_1_388' title='bbox 1565 2098 1602 2127; x_wconf 90' lang='lat' dir='ltr'>ad</span> <span class='ocrx_word' id='word_1_389' title='bbox 1614 2098 1779 2127; x_wconf 89' lang='lat' dir='ltr'>Pontanum</span> <span class='ocrx_word' id='word_1_390' title='bbox 1803 2107 1838 2126; x_wconf 89' lang='lat' dir='ltr'>ea</span> <span class='ocrx_word' id='word_1_391' title='bbox 1849 2098 1884 2127; x_wconf 85' lang='lat' dir='ltr'>de</span> <span class='ocrx_word' id='word_1_392' title='bbox 1905 2107 1937 2126; x_wconf 89' lang='lat' dir='ltr'>re</span> <span class='ocrx_word' id='word_1_393' title='bbox 1961 2098 1988 2127; x_wconf 86' lang='lat' dir='ltr'>d.</span> <span class='ocrx_word' id='word_1_394' title='bbox 2013 2099 2062 2127; x_wconf 85' lang='grc'>26.</span> <span class='ocrx_word' id='word_1_395' title='bbox 2081 2099 2156 2137; x_wconf 87' lang='lat' dir='ltr'>Apr.</span> 
     </span>
    </p>
   </div>
   <div class='ocr_carea' id='block_1_34' title="bbox 312 2142 1578 2610">
    <p class='ocr_par' dir='ltr' id='par_1_46' title="bbox 312 2142 1014 2180">
     <span class='ocr_line' id='line_1_64' title="bbox 312 2142 1014 2180; baseline 0.001 -10"><span class='ocrx_word' id='word_1_396' title='bbox 312 2165 317 2171; x_wconf 96' lang='lat'><strong>.</strong></span> <span class='ocrx_word' id='word_1_397' title='bbox 341 2142 408 2170; x_wconf 90' lang='lat' dir='ltr'>Mel.</span> <span class='ocrx_word' id='word_1_398' title='bbox 431 2142 562 2179; x_wconf 88' lang='lat' dir='ltr'>Lipsiam</span> <span class='ocrx_word' id='word_1_399' title='bbox 585 2142 781 2180; x_wconf 83' lang='lat' dir='ltr'>proficiscitur</span> <span class='ocrx_word' id='word_1_400' title='bbox 804 2143 841 2169; x_wconf 89' lang='lat' dir='ltr'>ad</span> <span class='ocrx_word' id='word_1_401' title='bbox 859 2143 1014 2171; x_wconf 86' lang='lat' dir='ltr'>nundinas.</span> 
     </span>
    </p>

    <p class='ocr_par' dir='ltr' id='par_1_47' title="bbox 312 2184 1081 2266">
     <span class='ocr_line' id='line_1_65' title="bbox 340 2184 1081 2214; baseline 0 -1"><span class='ocrx_word' id='word_1_402' title='bbox 340 2185 378 2214; x_wconf 95' lang='lat' dir='ltr'>D.</span> <span class='ocrx_word' id='word_1_403' title='bbox 405 2186 432 2214; x_wconf 87' lang='lat'>5.</span> <span class='ocrx_word' id='word_1_404' title='bbox 454 2185 499 2213; x_wconf 89' lang='lat' dir='ltr'>vel</span> <span class='ocrx_word' id='word_1_405' title='bbox 524 2186 551 2213; x_wconf 86' lang='grc'>6.</span> <span class='ocrx_word' id='word_1_406' title='bbox 574 2185 646 2212; x_wconf 89' lang='lat' dir='ltr'>Maii</span> <span class='ocrx_word' id='word_1_407' title='bbox 669 2184 838 2212; x_wconf 86' lang='lat' dir='ltr'>Melanthon</span> <span class='ocrx_word' id='word_1_408' title='bbox 858 2185 933 2213; x_wconf 89' lang='lat' dir='ltr'>redit</span> <span class='ocrx_word' id='word_1_409' title='bbox 955 2186 1081 2214; x_wconf 89' lang='lat' dir='ltr'>domum.</span> 
     </span>
     <span class='ocr_line' id='line_1_66' title="bbox 312 2226 834 2266; baseline -0.004 -9"><span class='ocrx_word' id='word_1_410' title='bbox 312 2251 318 2257; x_wconf 92' lang='lat'>.</span> <span class='ocrx_word' id='word_1_411' title='bbox 339 2228 456 2266; x_wconf 88' lang='lat' dir='ltr'>Torgae</span> <span class='ocrx_word' id='word_1_412' title='bbox 478 2232 522 2256; x_wconf 88' lang='lat' dir='ltr'>est</span> <span class='ocrx_word' id='word_1_413' title='bbox 541 2228 572 2256; x_wconf 90' lang='lat' dir='ltr'>in</span> <span class='ocrx_word' id='word_1_414' title='bbox 594 2228 660 2256; x_wconf 80' lang='lat' dir='ltr'>aula</span> <span class='ocrx_word' id='word_1_415' title='bbox 682 2226 834 2255; x_wconf 88' lang='lat' dir='ltr'>Electoris.</span> 
     </span>
    </p>

    <p class='ocr_par' dir='ltr' id='par_1_48' title="bbox 313 2270 1578 2610">
     <span class='ocr_line' id='line_1_67' title="bbox 344 2270 1264 2308; baseline 0 -10"><span class='ocrx_word' id='word_1_416' title='bbox 344 2271 453 2300; x_wconf 90' lang='lat' dir='ltr'>Iterum</span> <span class='ocrx_word' id='word_1_417' title='bbox 475 2275 591 2299; x_wconf 89' lang='lat' dir='ltr'>enarrat</span> <span class='ocrx_word' id='word_1_418' title='bbox 613 2271 738 2308; x_wconf 89' lang='lat' dir='ltr'>primum</span> <span class='ocrx_word' id='word_1_419' title='bbox 762 2270 867 2298; x_wconf 87' lang='lat' dir='ltr'>librum</span> <span class='ocrx_word' id='word_1_420' title='bbox 890 2270 1063 2298; x_wconf 88' lang='lat' dir='ltr'>Ethicorum</span> <span class='ocrx_word' id='word_1_421' title='bbox 1085 2270 1264 2299; x_wconf 87' lang='lat' dir='ltr'>Aristotelis.</span> 
     </span>
     <span class='ocr_line' id='line_1_68' title="bbox 313 2312 1578 2351; baseline -0.002 -9"><span class='ocrx_word' id='word_1_422' title='bbox 313 2336 319 2342; x_wconf 98' lang='lat'><strong>.</strong></span> <span class='ocrx_word' id='word_1_423' title='bbox 342 2312 448 2342; x_wconf 88' lang='lat' dir='ltr'>Scribit</span> <span class='ocrx_word' id='word_1_424' title='bbox 471 2314 508 2342; x_wconf 89' lang='lat' dir='ltr'>ad</span> <span class='ocrx_word' id='word_1_425' title='bbox 527 2314 667 2349; x_wconf 83' lang='lat' dir='ltr'>Venetos,</span> <span class='ocrx_word' id='word_1_426' title='bbox 688 2314 871 2351; x_wconf 83' lang='lat' dir='ltr'>potissimum</span> <span class='ocrx_word' id='word_1_427' title='bbox 894 2313 930 2341; x_wconf 85' lang='lat' dir='ltr'>de</span> <span class='ocrx_word' id='word_1_428' title='bbox 949 2322 1040 2341; x_wconf 85' lang='lat' dir='ltr'>coena</span> <span class='ocrx_word' id='word_1_429' title='bbox 1062 2322 1096 2348; x_wconf 76' lang='lat' dir='ltr'>s.,</span> <span class='ocrx_word' id='word_1_430' title='bbox 1120 2322 1194 2350; x_wconf 87' lang='lat' dir='ltr'>quae</span> <span class='ocrx_word' id='word_1_431' title='bbox 1217 2316 1314 2341; x_wconf 88' lang='lat' dir='ltr'>autem</span> <span class='ocrx_word' id='word_1_432' title='bbox 1339 2312 1462 2350; x_wconf 84' lang='lat' dir='ltr'>epistola</span> <span class='ocrx_word' id='word_1_433' title='bbox 1484 2313 1578 2350; x_wconf 87' lang='lat' dir='ltr'>periit.</span> 
     </span>
     <span class='ocr_line' id='line_1_69' title="bbox 342 2355 1474 2385; baseline -0.001 -1"><span class='ocrx_word' id='word_1_434' title='bbox 342 2356 494 2385; x_wconf 80' lang='lat' dir='ltr'>Praefatur</span> <span class='ocrx_word' id='word_1_435' title='bbox 516 2357 547 2384; x_wconf 89' lang='lat' dir='ltr'>in</span> <span class='ocrx_word' id='word_1_436' title='bbox 569 2356 693 2384; x_wconf 88' lang='lat' dir='ltr'>Lutheri</span> <span class='ocrx_word' id='word_1_437' title='bbox 717 2357 930 2384; x_wconf 86' lang='lat' dir='ltr'>enarrationem</span> <span class='ocrx_word' id='word_1_438' title='bbox 951 2355 1071 2384; x_wconf 85' lang='lat' dir='ltr'>Hoseae</span> <span class='ocrx_word' id='word_1_439' title='bbox 1092 2365 1110 2384; x_wconf 88' lang='lat' dir='ltr'>a</span> <span class='ocrx_word' id='word_1_440' title='bbox 1131 2356 1201 2385; x_wconf 89' lang='lat' dir='ltr'>Vito</span> <span class='ocrx_word' id='word_1_441' title='bbox 1224 2356 1337 2385; x_wconf 87' lang='lat' dir='ltr'>Theod.</span> <span class='ocrx_word' id='word_1_442' title='bbox 1357 2356 1474 2384; x_wconf 85' lang='lat' dir='ltr'>editam.</span> 
     </span>
     <span class='ocr_line' id='line_1_70' title="bbox 343 2398 1085 2437; baseline 0.003 -10"><span class='ocrx_word' id='word_1_443' title='bbox 343 2398 467 2437; x_wconf 85' lang='lat' dir='ltr'>Georgii</span> <span class='ocrx_word' id='word_1_444' title='bbox 487 2400 585 2428; x_wconf 92' lang='lat' dir='ltr'>Mohri</span> <span class='ocrx_word' id='word_1_445' title='bbox 606 2400 689 2428; x_wconf 83' lang='lat' dir='ltr'>rixae</span> <span class='ocrx_word' id='word_1_446' title='bbox 710 2408 774 2427; x_wconf 90' lang='lat' dir='ltr'>cum</span> <span class='ocrx_word' id='word_1_447' title='bbox 797 2399 826 2427; x_wconf 93' lang='lat' dir='ltr'>N</span> <span class='ocrx_word' id='word_1_448' title='bbox 830 2399 923 2428; x_wconf 89' lang='lat' dir='ltr'>icolao</span> <span class='ocrx_word' id='word_1_449' title='bbox 945 2399 1085 2429; x_wconf 88' lang='lat' dir='ltr'>Medlero.</span> 
     </span>
     <span class='ocr_line' id='line_1_71' title="bbox 343 2442 956 2471; baseline -0.002 -1"><span class='ocrx_word' id='word_1_450' title='bbox 343 2442 502 2470; x_wconf 83' lang='lat' dir='ltr'>Pindarum</span> <span class='ocrx_word' id='word_1_451' title='bbox 521 2447 706 2471; x_wconf 84' lang='lat' dir='ltr'>enarraturus</span> <span class='ocrx_word' id='word_1_452' title='bbox 730 2446 773 2471; x_wconf 89' lang='lat' dir='ltr'>est</span> <span class='ocrx_word' id='word_1_453' title='bbox 794 2442 824 2470; x_wconf 88' lang='lat' dir='ltr'>in</span> <span class='ocrx_word' id='word_1_454' title='bbox 847 2442 956 2470; x_wconf 88' lang='lat' dir='ltr'>schola.</span> 
     </span>
     <span class='ocr_line' id='line_1_72' title="bbox 346 2484 1050 2514; baseline 0.001 -1"><span class='ocrx_word' id='word_1_455' title='bbox 346 2485 460 2513; x_wconf 86' lang='lat' dir='ltr'>Iudicat</span> <span class='ocrx_word' id='word_1_456' title='bbox 482 2486 518 2513; x_wconf 90' lang='lat' dir='ltr'>de</span> <span class='ocrx_word' id='word_1_457' title='bbox 541 2486 653 2514; x_wconf 84' lang='lat' dir='ltr'>Ioanne</span> <span class='ocrx_word' id='word_1_458' title='bbox 671 2495 689 2513; x_wconf 87' lang='lat' dir='ltr'>a</span> <span class='ocrx_word' id='word_1_459' title='bbox 711 2484 807 2514; x_wconf 86' lang='lat' dir='ltr'>Lasco</span> <span class='ocrx_word' id='word_1_460' title='bbox 831 2488 859 2513; x_wconf 89' lang='lat' dir='ltr'>et</span> <span class='ocrx_word' id='word_1_461' title='bbox 882 2485 944 2513; x_wconf 86' lang='lat' dir='ltr'>eius</span> <span class='ocrx_word' id='word_1_462' title='bbox 966 2485 1050 2514; x_wconf 82' lang='lat' dir='ltr'>libro.</span> 
     </span>
     <span class='ocr_line' id='line_1_73' title="bbox 342 2526 1517 2565; baseline 0 -9"><span class='ocrx_word' id='word_1_463' title='bbox 342 2528 477 2557; x_wconf 79' lang='lat' dir='ltr'>Exeunte</span> <span class='ocrx_word' id='word_1_464' title='bbox 499 2527 574 2557; x_wconf 88' lang='lat' dir='ltr'>Iulio</span> <span class='ocrx_word' id='word_1_465' title='bbox 592 2528 748 2563; x_wconf 84' lang='lat' dir='ltr'>Lutherus,</span> <span class='ocrx_word' id='word_1_466' title='bbox 772 2529 870 2556; x_wconf 90' lang='lat' dir='ltr'>animo</span> <span class='ocrx_word' id='word_1_467' title='bbox 894 2528 972 2556; x_wconf 90' lang='lat' dir='ltr'>varie</span> <span class='ocrx_word' id='word_1_468' title='bbox 991 2532 1164 2563; x_wconf 88' lang='lat' dir='ltr'>commotus,</span> <span class='ocrx_word' id='word_1_469' title='bbox 1187 2527 1377 2565; x_wconf 84' lang='lat' dir='ltr'>Vitebergam</span> <span class='ocrx_word' id='word_1_470' title='bbox 1400 2526 1517 2556; x_wconf 89' lang='lat' dir='ltr'>deserit.</span> 
     </span>
     <span class='ocr_line' id='line_1_74' title="bbox 342 2571 1300 2610; baseline -0.001 -10"><span class='ocrx_word' id='word_1_471' title='bbox 342 2571 496 2600; x_wconf 87' lang='lat' dir='ltr'>Praefatur</span> <span class='ocrx_word' id='word_1_472' title='bbox 514 2571 581 2600; x_wconf 91' lang='lat' dir='ltr'>Mel.</span> <span class='ocrx_word' id='word_1_473' title='bbox 599 2572 630 2600; x_wconf 90' lang='lat' dir='ltr'>in</span> <span class='ocrx_word' id='word_1_474' title='bbox 653 2572 811 2609; x_wconf 85' lang='lat' dir='ltr'>Augustini</span> <span class='ocrx_word' id='word_1_475' title='bbox 834 2571 939 2599; x_wconf 87' lang='lat' dir='ltr'>librum</span> <span class='ocrx_word' id='word_1_476' title='bbox 963 2571 999 2599; x_wconf 84' lang='lat' dir='ltr'>de</span> <span class='ocrx_word' id='word_1_477' title='bbox 1021 2571 1127 2610; x_wconf 89' lang='lat' dir='ltr'>spiritu</span> <span class='ocrx_word' id='word_1_478' title='bbox 1145 2575 1174 2600; x_wconf 89' lang='lat' dir='ltr'>et</span> <span class='ocrx_word' id='word_1_479' title='bbox 1195 2571 1300 2600; x_wconf 86' lang='lat' dir='ltr'>littera.</span> 
     </span>
    </p>
   </div>
   <div class='ocr_carea' id='block_1_35' title="bbox 1903 2624 1949 2652">
    <p class='ocr_par' dir='ltr' id='par_1_49' title="bbox 1903 2624 1949 2652">
     <span class='ocr_line' id='line_1_75' title="bbox 1903 2624 1949 2652; baseline 0 -11"><span class='ocrx_word' id='word_1_480' title='bbox 1903 2624 1949 2652; x_wconf 65' lang='lat' dir='ltr'>F*</span> 
     </span>
    </p>
   </div>
  </div>
 </body>
</html>
