<?xml version="1.0" encoding="UTF-8"?>
<!DOCTYPE html PUBLIC "-//W3C//DTD XHTML 1.0 Transitional//EN"
    "http://www.w3.org/TR/xhtml1/DTD/xhtml1-transitional.dtd">
<html xmlns="http://www.w3.org/1999/xhtml" xml:lang="en" lang="en">
 <head>
  <title>
</title>
<meta http-equiv="Content-Type" content="text/html;charset=utf-8" />
  <meta name='ocr-system' content='tesseract 3.04.00' />
  <meta name='ocr-capabilities' content='ocr_page ocr_carea ocr_par ocr_line ocrx_word'/>
</head>
<body>
  <div class='ocr_page' id='page_1' title='image "./operaquaesupersu28melauoft/operaquaesupersu28melauoft_0306.png"; bbox 0 0 2299 2921; ppageno 0'>
   <div class='ocr_carea' id='block_1_1' title="bbox 126 246 2136 764">
    <p class='ocr_par' dir='ltr' id='par_1_1' title="bbox 126 246 2136 764">
     <span class='ocr_line' id='line_1_1' title="bbox 126 246 2134 306; baseline -0.008 -11"><span class='ocrx_word' id='word_1_1' title='bbox 126 257 376 306; x_wconf 80' lang='lat' dir='ltr'>comprehendi3</span> <span class='ocrx_word' id='word_1_2' title='bbox 413 269 494 303; x_wconf 88' lang='lat' dir='ltr'>opus</span> <span class='ocrx_word' id='word_1_3' title='bbox 523 256 629 302; x_wconf 79' lang='lat' dir='ltr'>potius</span> <span class='ocrx_word' id='word_1_4' title='bbox 657 265 726 288; x_wconf 88' lang='lat' dir='ltr'>esse</span> <span class='ocrx_word' id='word_1_5' title='bbox 754 264 811 298; x_wconf 86' lang='lat' dir='ltr'>per</span> <span class='ocrx_word' id='word_1_6' title='bbox 838 263 872 285; x_wconf 87' lang='lat' dir='ltr'>se</span> <span class='ocrx_word' id='word_1_7' title='bbox 901 256 1069 291; x_wconf 76' lang='lat' dir='ltr'>constans,</span> <span class='ocrx_word' id='word_1_8' title='bbox 1098 251 1162 284; x_wconf 86' lang='lat' dir='ltr'>suis</span> <span class='ocrx_word' id='word_1_9' title='bbox 1191 249 1310 283; x_wconf 82' lang='lat' dir='ltr'>finibus</span> <span class='ocrx_word' id='word_1_10' title='bbox 1339 249 1632 294; x_wconf 73' lang='lat' dir='ltr'>circumscriptum,</span> <span class='ocrx_word' id='word_1_11' title='bbox 1662 259 1867 294; x_wconf 80' lang='lat' dir='ltr'>nequaquam</span> <span class='ocrx_word' id='word_1_12' title='bbox 1896 258 1969 280; x_wconf 87' lang='lat' dir='ltr'>vero</span> <span class='ocrx_word' id='word_1_13' title='bbox 1997 246 2134 292; x_wconf 83' lang='lat' dir='ltr'>exigen-</span> 
     </span>
     <span class='ocr_line' id='line_1_2' title="bbox 127 323 2130 379; baseline -0.007 -8"><span class='ocrx_word' id='word_1_14' title='bbox 127 336 204 371; x_wconf 89' lang='lat' dir='ltr'>dum</span> <span class='ocrx_word' id='word_1_15' title='bbox 232 347 248 370; x_wconf 90' lang='lat' dir='ltr'>a</span> <span class='ocrx_word' id='word_1_16' title='bbox 278 335 383 375; x_wconf 88' lang='lat' dir='ltr'>nobis,</span> <span class='ocrx_word' id='word_1_17' title='bbox 412 334 467 379; x_wconf 88' lang='lat' dir='ltr'>qui</span> <span class='ocrx_word' id='word_1_18' title='bbox 495 330 714 366; x_wconf 86' lang='lat' dir='ltr'>Melanthonis</span> <span class='ocrx_word' id='word_1_19' title='bbox 743 339 841 374; x_wconf 84' lang='lat' dir='ltr'>opera</span> <span class='ocrx_word' id='word_1_20' title='bbox 869 326 993 361; x_wconf 88' lang='lat' dir='ltr'>edenda</span> <span class='ocrx_word' id='word_1_21' title='bbox 1023 327 1054 360; x_wconf 88' lang='lat' dir='ltr'>in</span> <span class='ocrx_word' id='word_1_22' title='bbox 1084 338 1142 360; x_wconf 88' lang='lat' dir='ltr'>nos</span> <span class='ocrx_word' id='word_1_23' title='bbox 1170 325 1386 371; x_wconf 84' lang='lat' dir='ltr'>suscepimus,</span> <span class='ocrx_word' id='word_1_24' title='bbox 1426 337 1490 358; x_wconf 91' lang='lat' dir='ltr'>non</span> <span class='ocrx_word' id='word_1_25' title='bbox 1520 324 1707 370; x_wconf 83' lang='lat' dir='ltr'>explicanda</span> <span class='ocrx_word' id='word_1_26' title='bbox 1736 336 1842 371; x_wconf 89' lang='lat' dir='ltr'>neque</span> <span class='ocrx_word' id='word_1_27' title='bbox 1871 323 2130 357; x_wconf 87' lang='lat' dir='ltr'>commentanda.</span> 
     </span>
     <span class='ocr_line' id='line_1_3' title="bbox 128 400 2133 455; baseline -0.007 -8"><span class='ocrx_word' id='word_1_28' title='bbox 128 414 236 455; x_wconf 89' lang='lat' dir='ltr'><strong>Quem</strong></span> <span class='ocrx_word' id='word_1_29' title='bbox 270 417 378 445; x_wconf 88' lang='lat' dir='ltr'>tamen</span> <span class='ocrx_word' id='word_1_30' title='bbox 418 409 562 442; x_wconf 82' lang='lat' dir='ltr'>laborem</span> <span class='ocrx_word' id='word_1_31' title='bbox 601 407 628 439; x_wconf 69' lang='lat' dir='ltr'>si</span> <span class='ocrx_word' id='word_1_32' title='bbox 662 406 733 452; x_wconf 90' lang='lat' dir='ltr'>quis</span> <span class='ocrx_word' id='word_1_33' title='bbox 768 404 814 438; x_wconf 85' lang='lat' dir='ltr'>vir</span> <span class='ocrx_word' id='word_1_34' title='bbox 847 404 960 438; x_wconf 84' lang='lat' dir='ltr'>doctus</span> <span class='ocrx_word' id='word_1_35' title='bbox 997 404 1167 448; x_wconf 86' lang='lat' dir='ltr'>theologus</span> <span class='ocrx_word' id='word_1_36' title='bbox 1201 402 1261 436; x_wconf 88' lang='lat' dir='ltr'>erit</span> <span class='ocrx_word' id='word_1_37' title='bbox 1299 402 1353 448; x_wconf 85' lang='lat' dir='ltr'>qui</span> <span class='ocrx_word' id='word_1_38' title='bbox 1387 401 1495 436; x_wconf 83' lang='lat' dir='ltr'>subire</span> <span class='ocrx_word' id='word_1_39' title='bbox 1527 401 1618 443; x_wconf 85' lang='lat' dir='ltr'>velit,</span> <span class='ocrx_word' id='word_1_40' title='bbox 1654 413 1760 447; x_wconf 89' lang='lat' dir='ltr'>neque</span> <span class='ocrx_word' id='word_1_41' title='bbox 1789 413 1846 434; x_wconf 87' lang='lat' dir='ltr'>nos</span> <span class='ocrx_word' id='word_1_42' title='bbox 1874 412 1912 434; x_wconf 89' lang='lat' dir='ltr'>eo</span> <span class='ocrx_word' id='word_1_43' title='bbox 1941 400 1972 434; x_wconf 83' lang='lat' dir='ltr'>in</span> <span class='ocrx_word' id='word_1_44' title='bbox 2002 400 2133 445; x_wconf 82' lang='lat' dir='ltr'>negotio</span> 
     </span>
     <span class='ocr_line' id='line_1_4' title="bbox 128 476 2135 542; baseline -0.006 -20"><span class='ocrx_word' id='word_1_45' title='bbox 128 489 246 524; x_wconf 83' lang='lat' dir='ltr'><strong>sentiet</strong></span> <span class='ocrx_word' id='word_1_46' title='bbox 279 487 338 521; x_wconf 85' lang='lat' dir='ltr'>sibi</span> <span class='ocrx_word' id='word_1_47' title='bbox 376 485 554 518; x_wconf 81' lang='lat' dir='ltr'>defuturos.</span> <span class='ocrx_word' id='word_1_48' title='bbox 616 482 749 542; x_wconf 51' lang='lat' dir='ltr'>{nterim</span> <span class='ocrx_word' id='word_1_49' title='bbox 785 481 902 527; x_wconf 87' lang='lat' dir='ltr'>paratis</span> <span class='ocrx_word' id='word_1_50' title='bbox 940 479 1211 526; x_wconf 84' lang='lat' dir='ltr'>acquiescendum</span> <span class='ocrx_word' id='word_1_51' title='bbox 1242 478 1334 512; x_wconf 86' lang='lat' dir='ltr'>nobis</span> <span class='ocrx_word' id='word_1_52' title='bbox 1363 490 1432 512; x_wconf 86' lang='lat' dir='ltr'>esse</span> <span class='ocrx_word' id='word_1_53' title='bbox 1462 477 1686 519; x_wconf 73' lang='lat' dir='ltr'>iudicavimus,</span> <span class='ocrx_word' id='word_1_54' title='bbox 1722 477 1885 524; x_wconf 86' lang='lat' dir='ltr'>finemque</span> <span class='ocrx_word' id='word_1_55' title='bbox 1914 477 2044 510; x_wconf 86' lang='lat' dir='ltr'>tandem</span> <span class='ocrx_word' id='word_1_56' title='bbox 2074 476 2135 510; x_wconf 83' lang='lat' dir='ltr'>ali-</span> 
     </span>
     <span class='ocr_line' id='line_1_5' title="bbox 129 553 2133 612; baseline -0.006 -14"><span class='ocrx_word' id='word_1_57' title='bbox 129 563 258 612; x_wconf 88' lang='lat' dir='ltr'>quando</span> <span class='ocrx_word' id='word_1_58' title='bbox 287 561 521 608; x_wconf 87' lang='lat' dir='ltr'>imponendum</span> <span class='ocrx_word' id='word_1_59' title='bbox 556 559 645 605; x_wconf 86' lang='lat' dir='ltr'>operi</span> <span class='ocrx_word' id='word_1_60' title='bbox 674 559 789 603; x_wconf 82' lang='lat' dir='ltr'>longo,</span> <span class='ocrx_word' id='word_1_61' title='bbox 823 557 910 603; x_wconf 91' lang='lat' dir='ltr'>quod</span> <span class='ocrx_word' id='word_1_62' title='bbox 946 557 1057 601; x_wconf 82' lang='lat' dir='ltr'>viginti</span> <span class='ocrx_word' id='word_1_63' title='bbox 1095 562 1167 590; x_wconf 83' lang='lat' dir='ltr'>octo</span> <span class='ocrx_word' id='word_1_64' title='bbox 1201 555 1418 589; x_wconf 86' lang='lat' dir='ltr'>voluminibus</span> <span class='ocrx_word' id='word_1_65' title='bbox 1454 566 1510 600; x_wconf 88' lang='lat' dir='ltr'>per</span> <span class='ocrx_word' id='word_1_66' title='bbox 1544 554 1679 587; x_wconf 71' lang='lat' dir='ltr'>totidem</span> <span class='ocrx_word' id='word_1_67' title='bbox 1711 565 1813 599; x_wconf 86' lang='lat' dir='ltr'>paene</span> <span class='ocrx_word' id='word_1_68' title='bbox 1842 564 1943 586; x_wconf 85' lang='lat' dir='ltr'>annos</span> <span class='ocrx_word' id='word_1_69' title='bbox 1972 565 2035 586; x_wconf 92' lang='lat' dir='ltr'>non</span> <span class='ocrx_word' id='word_1_70' title='bbox 2065 553 2133 586; x_wconf 83' lang='lat' dir='ltr'>sine</span> 
     </span>
     <span class='ocr_line' id='line_1_6' title="bbox 129 628 2136 687; baseline -0.007 -13"><span class='ocrx_word' id='word_1_71' title='bbox 129 640 215 687; x_wconf 86' lang='lat' dir='ltr'>gravi</span> <span class='ocrx_word' id='word_1_72' title='bbox 246 639 403 685; x_wconf 86' lang='lat' dir='ltr'>pecuniae</span> <span class='ocrx_word' id='word_1_73' title='bbox 442 642 570 671; x_wconf 80' lang='lat' dir='ltr'>nostrae</span> <span class='ocrx_word' id='word_1_74' title='bbox 599 635 718 669; x_wconf 87' lang='lat' dir='ltr'>damno</span> <span class='ocrx_word' id='word_1_75' title='bbox 751 640 966 680; x_wconf 77' lang='lat' dir='ltr'>protractum,</span> <span class='ocrx_word' id='word_1_76' title='bbox 1000 633 1040 667; x_wconf 93' lang='lat' dir='ltr'>ad</span> <span class='ocrx_word' id='word_1_77' title='bbox 1068 637 1316 666; x_wconf 88' lang='lat' dir='ltr'>monumentum</span> <span class='ocrx_word' id='word_1_78' title='bbox 1345 632 1404 664; x_wconf 78' lang='lat' dir='ltr'>hac</span> <span class='ocrx_word' id='word_1_79' title='bbox 1434 632 1498 677; x_wconf 82' lang='lat' dir='ltr'>ipsa</span> <span class='ocrx_word' id='word_1_80' title='bbox 1528 630 1579 664; x_wconf 88' lang='lat' dir='ltr'>die</span> <span class='ocrx_word' id='word_1_81' title='bbox 1608 630 1819 674; x_wconf 76' lang='lat' dir='ltr'>Witebergae</span> <span class='ocrx_word' id='word_1_82' title='bbox 1847 628 2016 662; x_wconf 83' lang='lat' dir='ltr'>fundatum</span> <span class='ocrx_word' id='word_1_83' title='bbox 2045 628 2136 674; x_wconf 84' lang='lat' dir='ltr'>quasi</span> 
     </span>
     <span class='ocr_line' id='line_1_7' title="bbox 131 704 2135 764; baseline -0.006 -14"><span class='ocrx_word' id='word_1_84' title='bbox 131 729 188 764; x_wconf 87' lang='lat' dir='ltr'>pro</span> <span class='ocrx_word' id='word_1_85' title='bbox 217 715 386 750; x_wconf 81' lang='lat' dir='ltr'>corollario</span> <span class='ocrx_word' id='word_1_86' title='bbox 415 714 597 754; x_wconf 80' lang='lat' dir='ltr'>offerimus,</span> <span class='ocrx_word' id='word_1_87' title='bbox 633 717 665 745; x_wconf 92' lang='lat' dir='ltr'>et</span> <span class='ocrx_word' id='word_1_88' title='bbox 693 712 796 757; x_wconf 86' lang='lat' dir='ltr'>ipsum</span> <span class='ocrx_word' id='word_1_89' title='bbox 825 715 991 756; x_wconf 82' lang='lat' dir='ltr'>sperantes</span> <span class='ocrx_word' id='word_1_90' title='bbox 1020 709 1235 755; x_wconf 83' lang='lat' dir='ltr'>praeceptoris</span> <span class='ocrx_word' id='word_1_91' title='bbox 1264 708 1456 742; x_wconf 77' lang='lat' dir='ltr'>Germaniae</span> <span class='ocrx_word' id='word_1_92' title='bbox 1486 708 1674 741; x_wconf 76' lang='lat' dir='ltr'>immortalis</span> <span class='ocrx_word' id='word_1_93' title='bbox 1703 711 1951 740; x_wconf 88' lang='lat' dir='ltr'>monumentum</span> <span class='ocrx_word' id='word_1_94' title='bbox 1981 705 2048 738; x_wconf 84' lang='lat' dir='ltr'>sore</span> <span class='ocrx_word' id='word_1_95' title='bbox 2077 704 2135 738; x_wconf 79' lang='lat' dir='ltr'>etsi</span> 
     </span>
    </p>
   </div>
   <div class='ocr_carea' id='block_1_2' title="bbox 133 786 1016 832">
    <p class='ocr_par' dir='ltr' id='par_1_2' title="bbox 133 786 1016 832">
     <span class='ocr_line' id='line_1_8' title="bbox 133 786 1016 832; baseline -0.01 -4"><span class='ocrx_word' id='word_1_96' title='bbox 133 805 206 828; x_wconf 89' lang='lat' dir='ltr'>aere</span> <span class='ocrx_word' id='word_1_97' title='bbox 234 792 341 826; x_wconf 89' lang='lat' dir='ltr'>minus</span> <span class='ocrx_word' id='word_1_98' title='bbox 370 791 572 829; x_wconf 85' lang='lat' dir='ltr'>duraturum,</span> <span class='ocrx_word' id='word_1_99' title='bbox 603 801 667 822; x_wconf 88' lang='lat' dir='ltr'>non</span> <span class='ocrx_word' id='word_1_100' title='bbox 696 794 803 821; x_wconf 87' lang='lat' dir='ltr'>tamen</span> <span class='ocrx_word' id='word_1_101' title='bbox 834 786 1016 832; x_wconf 80' lang='lat' dir='ltr'>indignum.</span> 
     </span>
    </p>
   </div>
   <div class='ocr_carea' id='block_1_3' title="bbox 337 906 1051 954">
    <p class='ocr_par' dir='ltr' id='par_1_3' title="bbox 337 906 1051 954">
     <span class='ocr_line' id='line_1_9' title="bbox 337 906 1051 954; baseline -0.008 -10"><span class='ocrx_word' id='word_1_102' title='bbox 337 909 593 954; x_wconf 80' lang='lat' dir='ltr'>Brunsvigae</span> <span class='ocrx_word' id='word_1_103' title='bbox 622 908 674 941; x_wconf 86' lang='lat' dir='ltr'>die</span> <span class='ocrx_word' id='word_1_104' title='bbox 708 908 762 940; x_wconf 81' lang='lat'>19.</span> <span class='ocrx_word' id='word_1_105' title='bbox 792 906 910 951; x_wconf 83' lang='lat' dir='ltr'><strong>Aprilis</strong></span> <span class='ocrx_word' id='word_1_106' title='bbox 944 906 1051 939; x_wconf 81' lang='lat'>1860.</span> 
     </span>
    </p>
   </div>
   <div class='ocr_carea' id='block_1_4' title="bbox 954 1050 1935 1196">
    <p class='ocr_par' dir='ltr' id='par_1_4' title="bbox 954 1050 1935 1196">
     <span class='ocr_line' id='line_1_10' title="bbox 954 1050 1935 1114; baseline -0.007 0"><span class='ocrx_word' id='word_1_107' title='bbox 954 1056 996 1114; x_wconf 87' lang='lat' dir='ltr'>C.</span> <span class='ocrx_word' id='word_1_108' title='bbox 1033 1056 1081 1113; x_wconf 92' lang='grc' dir='ltr'>Α.</span> <span class='ocrx_word' id='word_1_109' title='bbox 1119 1053 1576 1113; x_wconf 82' lang='lat' dir='ltr'>SCHWETSCHKE</span> <span class='ocrx_word' id='word_1_110' title='bbox 1610 1052 1681 1109; x_wconf 86' lang='lat' dir='ltr'>ET</span> <span class='ocrx_word' id='word_1_111' title='bbox 1717 1050 1935 1108; x_wconf 87' lang='lat' dir='ltr'><strong>FILIUS.</strong></span> 
     </span>
     <span class='ocr_line' id='line_1_11' title="bbox 1285 1146 1602 1196; baseline -0.006 -9"><span class='ocrx_word' id='word_1_112' title='bbox 1285 1147 1343 1196; x_wconf 82' lang='lat' dir='ltr'>(M.</span> <span class='ocrx_word' id='word_1_113' title='bbox 1384 1146 1602 1195; x_wconf 79' lang='lat' dir='ltr'><strong>BRUHN.)</strong></span> 
     </span>
    </p>
   </div>
  </div>
 </body>
</html>
