2299 2921
137 109 200 141 363

138 204 218 240 Quas
242 204 344 230 laudes
368 203 428 230 tibi.
464 201 503 236 X,
529 203 598 237 519,

137 246 230 282 Quem
255 246 352 274 senior
375 246 518 273 Priamus.
554 244 594 278 X,
618 245 688 279 664.

136 288 194 324 Qui
219 290 381 317 castitatem
404 289 527 325 magnis.
562 287 601 322 X,
626 288 696 316 576.

136 332 195 368 Qui
218 332 304 360 laude
324 331 443 368 ingenii.
479 329 520 365 X,
545 331 616 359 567.

136 374 196 410 Qui
218 375 305 403 modo
328 374 476 411 dispersis.
509 372 550 408 X,
573 373 645 402 569.

136 417 195 453 Qui
217 417 297 445 nquo
318 417 469 445 monitore.
503 414 544 451 X,
568 416 639 445 483.

136 460 309 497 Quicunque
331 461 435 487 insano
458 459 568 486 temnit.
602 458 643 491 X,
666 459 736 487 577.

137 502 210 538 Quis
235 503 313 532 furor
336 507 380 529 est
402 506 511 529 contra.
547 501 587 536 X,
613 501 685 530 561.

136 545 209 581 Quis
232 545 337 573 misera
362 552 389 572 te
412 546 554 572 tractavit.
591 543 631 578 X,
657 544 728 573 489.

136 587 277 625 Quisquis
301 588 337 615 ad
360 588 436 614 hunc
461 588 588 615 veniens.
625 586 663 620 X,
689 587 758 616 543.

136 631 202 666 Quo
224 631 310 659 struis
335 636 361 658 ct
381 630 472 659 caelo.
508 629 548 664 X,
574 631 644 659 488.

136 673 221 709 Quod
245 672 327 711 λόγος
349 675 466 700 aeterni.
497 671 535 699 X.
564 673 634 702 645.

136 716 221 752 Quod
243 722 347 744 natura
368 715 448 743 mihi.
483 715 523 750 X,
548 716 618 745 531.

135 759 223 796 Quod
245 759 389 796 quondam
411 765 501 787 vasta.
531 757 572 794 X,
597 758 668 787 469.

136 802 223 839 Quod
245 811 345 830 sumus
368 806 395 829 et
416 802 548 838 tegimur.
583 800 622 836 X,
649 801 718 830 653.

136 845 220 881 Quod
244 845 334 873 Tullii
357 844 467 872 tribuis.
503 843 542 879 X,
567 845 637 873 563.

135 888 219 916 Retia
242 889 391 925 nigrantes
413 887 481 915 late.
515 886 554 922 X,
580 887 650 916 663.

134 931 201 959 Rex
224 931 316 958 iustus
337 930 438 957 tenuit.
475 929 513 963 X,
539 931 609 958 630.

135 973 230 1011 Saepe
252 974 323 1001 mihi
346 983 446 1010 puero.
483 972 522 1007 X,
548 973 620 1001 568.

134 1016 253 1045 Salvere
275 1016 360 1044 iubeo
379 1020 565 1053 spectatores.
595 1014 636 1051 X,
660 1015 730 1044 496.

134 1058 251 1088 Salvcte
269 1063 447 1096 spectatores
469 1075 512 1079 —-
534 1058 664 1086 Honoris
684 1059 749 1086 huc.
782 1056 823 1093 X,
847 1058 918 1087 500.

134 1101 251 1131 Salvete
269 1106 450 1139 spectatores
473 1119 515 1123 --
537 1101 595 1137 Qui
617 1101 770 1129 literariae.
799 1099 841 1136 X,
865 1101 936 1131 499.

135 1144 251 1174 salvete
269 1149 447 1182 spectatores
468 1162 509 1165 —-—
534 1144 647 1180 Quibus
670 1149 720 1174 est.
755 1143 794 1179 X,
819 1144 890 1173 529.

135 1187 213 1217 Saxa
234 1188 328 1216 ferunt
352 1188 465 1215 Vatem.
498 1187 537 1222 X,
561 1188 631 1216 651.

134 1230 281 1259 saxoniae
305 1231 432 1258 Domino
452 1235 522 1258 sata.
560 1229 599 1264 X,
625 1231 695 1259 537.

135 1273 275 1302 saxonici
300 1273 392 1301 Ducis
413 1273 493 1300 haec.
530 1271 569 1300 X.
595 1273 666 1302 622.

135 1316 268 1345 Scribere
292 1326 337 1344 un-
361 1320 482 1344 tantum.
517 1315 556 1349 Χ,
582 1316 654 1345 508.

135 1359 282 1396 Scriptum
306 1358 414 1387 Uliane
437 1363 495 1387 tuo.
531 1357 570 1392 X,
595 1358 666 1387 492.

136 1402 195 1431 Sed
217 1408 304 1439 gnate
327 1401 383 1429 Dei
405 1408 441 1430 te.
476 1401 516 1436 X,
543 1402 612 1430 618.

135 1444 225 1479 Seldj,
249 1445 456 1482 Thespiadum.
492 1443 547 1478 IX,
573 1444 642 1473 376.

135 1489 259 1517 Senecta
282 1497 340 1515 non
364 1488 485 1516 laborat.
521 1487 560 1519 X,
586 1486 656 1516 562.

136 1530 236 1560 Sermo
259 1536 325 1558 tuus
348 1540 505 1568 nunquam.
542 1529 581 1564 X,
607 1530 678 1558 510.

136 1574 285 1603 Serxmnis
309 1580 400 1601 certas
423 1574 517 1601 tradit.
554 1572 591 1606 Χ,
618 1573 688 1602 662.

136 1617 194 1645 seu
216 1623 244 1644 te
266 1617 374 1644 fucosis
396 1617 508 1644 invitat.
544 1615 583 1650 X,
609 1616 679 1645 578,

136 1660 168 1689 Si
192 1661 279 1688 decus
304 1660 462 1687 Ausoniae.
497 1659 537 1692 X.
562 1659 632 1687 557.

136 1703 167 1732 Si
191 1712 303 1731 mecum
327 1702 517 1730 Walorhode.
551 1700 592 1736 X,
613 1702 683 1731 495.

136 1745 167 1775 Si
191 1755 247 1783 qua
270 1745 327 1774 Dei
349 1755 459 1782 puram.
494 1743 535 1779 X,
560 1745 630 1774 509.

136 1788 168 1818 Si
192 1790 256 1825 quis
279 1788 450 1816 beneficium
473 1792 524 1816 est.
557 1786 598 1822 X,
623 1788 693 1817 592.

136 1831 169 1861 Si
188 1832 251 1869 quis
275 1832 310 1859 de
333 1831 440 1869 parvis.
478 1830 518 1865 X,
544 1831 615 1858 469.

136 1873 167 1902 Si
191 1875 256 1912 quis
274 1874 424 1902 malorum.
460 1873 500 1907 X,
525 1873 597 1901 550,

137 1916 169 1946 Si
192 1918 344 1954 quisquam
367 1925 463 1954 neget.
490 1916 530 1943 X.
554 1916 624 1945 495,

137 1959 169 1989 Si
192 1970 265 1997 quos
288 1960 369 1996 larga
392 1961 480 1987 iuvat.
511 1958 550 1994 X,
577 1960 647 1988 547.

136 2001 167 2031 Si
193 2008 275 2031 vacat
300 2004 445 2040 exiguum.
482 2001 520 2037 X,
546 2003 616 2031 50⁴5.

137 2045 185 2075 Sic
204 2047 250 2073 det
275 2044 408 2074 Christus
432 2046 496 2074 iter.
531 2043 571 2080 X,
596 2046 667 2074 516.

137 2087 242 2117 Sidera
265 2089 332 2116 duni
357 2089 445 2116 claro.
480 2087 520 2123 X,
546 2088 618 2118 540,

137 2130 232 2169 Sopor
255 2141 324 2160 suus
348 2132 475 2160 humida.
511 2131 534 2164 t,
561 2132 632 2160 157.

137 2174 255 2212 Spargit
277 2179 307 2202 ut
328 2176 359 2202 in
382 2180 451 2202 toto.
486 2173 525 2208 X,
547 2174 617 2203 60²2.

137 2216 263 2255 Spiritus
286 2223 317 2244 nt
341 2218 460 2245 domini.
494 2217 532 2251 Χ,
559 2218 628 2246 597.

138 2259 199 2288 Stat
225 2260 305 2288 Deus
328 2261 357 2288 in
381 2261 474 2287 media
496 2261 588 2287 turba.
618 2260 658 2295 X,
683 2261 754 2290 519.

138 2303 276 2332 subditus
300 2309 361 2331 esto
385 2303 459 2331 Deo.
492 2302 531 2330 X.
558 2304 628 2332 659.

138 2345 255 2374 Summe
280 2346 361 2374 Deus
383 2346 477 2374 nobis.
510 2345 550 2380 X,
576 2346 647 2375 606.

138 2388 211 2417 Sunt
234 2389 377 2423 homines,
401 2389 539 2418 humeris.
576 2388 617 2424 X,
641 2389 712 2418 589.

137 2432 220 2460 Talis
244 2440 326 2460 mens
349 2432 497 2460 hominum
521 2438 572 2461 est.
608 2431 649 2466 X,
673 2432 744 2461 665.

138 2475 182 2503 Te
204 2474 285 2502 Deus
307 2480 336 2502 ut
359 2479 468 2502 castam
514 2474 553 2509 X,
580 2475 650 2504 657.

138 2517 182 2545 Te
204 2522 319 2545 maneat
342 2527 466 2555 semper,
503 2517 541 2553 X,
567 2518 637 2547 617.

139 2560 323 2598 Tempestiva
348 2562 455 2589 iuvant.
491 2560 529 2595 X,
556 2561 627 2589 560.

788 105 974 137 PH1L1PP1
998 104 1315 137 MELANTHONIS
1340 107 1500 140 OPERA.

1170 201 1305 230 Teutona
1327 201 1496 232 Sarmaticis
1518 213 1584 240 qua.
1613 201 1654 238 X,
1679 204 1749 232 481.

1169 243 1217 271 Tu
1240 254 1355 286 qucque
1378 244 1535 274 Saxoniae.
1569 245 1609 281 X,
1635 246 1705 276 536.

1169 286 1261 315 Tullii
1282 297 1336 316 nos
1359 289 1452 317 hodie.
1485 288 1527 324 X,
1551 290 1622 319 547.

1170 329 1247 357 Tum
1270 331 1341 359 mihi
1364 332 1442 369 regis
1465 332 1530 360 eris.
1565 331 1605 367 X,
1630 333 1702 361 494.

1170 372 1358 409 Tyndaridae
1380 374 1495 403 fratres.
1530 373 1571 410 X,
1596 374 1668 404 666.

1170 414 1230 443 Ubi
1252 416 1417 453 petulanter
1440 417 1545 447 facere.
1580 417 1621 452 X,
1642 416 1712 447 542.

1170 457 1266 486 Unius
1290 459 1327 488 ob
1351 459 1475 497 culpam.
1507 459 1546 495 X,
1571 461 1642 490 556.

1170 500 1248 536 Urbs
1262 497 1305 529 'ad
1330 502 1488 540 Visurgim.
1522 502 1607 536 VIII,
1632 504 1702 532 316.

1169 543 1247 571 Urbs
1270 550 1353 572 vetus
1377 551 1420 573 est
1441 547 1545 583 gentis.
1580 545 1620 583 X,
1645 546 1716 576 612.

1169 586 1210 615 Ut
1232 596 1296 615 cum
1318 588 1354 615 de
1375 592 1473 616 statua
1490 589 1579 617 facies
1597 605 1639 609 ——-
1657 589 1743 617 lande
1760 588 1929 627 pudicitiae.
1959 587 2015 624 III,
2038 590 2130 619 1110.

1168 629 1211 658 Ut
1233 638 1298 658 cum
1321 631 1357 658 de
1379 636 1476 659 statua
1493 631 1582 660 facies
1601 649 1641 653 ——
1660 632 1755 660 laudis
1777 632 1912 661 amicitia.
1947 631 2032 667 VIII,
2057 632 2130 662 588.

1169 672 1210 701 Ut
1233 674 1309 709 gerit
1332 682 1481 710 agnorum.
1518 674 1602 709 VIII,
1627 675 1700 704 309.

1167 715 1210 744 Ut
1231 716 1311 744 noris
1332 717 1459 753 quando.
1493 716 1535 752 X,
1560 717 1630 746 642.

1168 758 1209 787 Ut
1231 759 1360 796 scopulis
1380 760 1489 788 innixa.
1519 759 1560 795 X,
1584 761 1655 788 510.

1167 801 1254 830 Unde
1277 802 1314 829 sit
1335 802 1403 830 huic
1423 803 1496 832 urbi.
1530 802 1571 837 X,
1597 802 1666 832 614.

1168 844 1209 873 Ut
1231 849 1372 881 spernunt
1393 846 1498 875 medio.
1533 845 1574 881 X,
1599 847 1670 876 565.

1168 886 1209 915 Ut
1230 892 1280 914 tua
1302 888 1458 925 pertingat.
1491 887 1532 923 X,
1557 889 1627 919 649.

1166 929 1338 959 Velociores
1360 932 1488 968 spiculis.
1522 931 1546 966 I,
1572 932 1642 962 618.

1168 973 1307 1001 Vendunt
1329 975 1468 1004 carmina.
1503 973 1545 1009 X,
1569 974 1640 1005 529.

1167 1016 1228 1044 Ver
1252 1021 1323 1051 erat,
1347 1021 1375 1044 et
1397 1017 1500 1046 lenem.
1531 1016 1604 1052 XX,
1629 1018 1701 1048 776.

1167 1059 1247 1086 Vera
1271 1063 1313 1086 est
1336 1059 1413 1087 fama
1437 1060 1539 1089 bonos.
1572 1059 1613 1095 X,
1638 1061 1709 1090 483.

1167 1102 1255 1135 Vera,
1278 1102 1361 1136 fides,
1384 1102 1475 1131 Deus.
1509 1103 1548 1137 X,
1573 1104 1644 1133 529.

1168 1144 1258 1172 Verbi
1281 1145 1371 1172 divini
1394 1150 1500 1174 custos.
1531 1145 1571 1180 Χ,
1596 1147 1667 1175 552.

1169 1187 1245 1214 Vere
1268 1186 1359 1222 Deus,
1383 1189 1507 1225 sapiens.
1542 1187 1581 1223 Χ,
1607 1189 1677 1218 646.

1168 1230 1301 1266 Vespera
1322 1230 1381 1257 iam
1404 1232 1491 1259 venit.
1522 1230 1562 1265 X,
1587 1231 1659 1260 602.

1169 1272 1292 1300 Vestrae
1315 1273 1454 1309 periclum
1476 1273 1607 1302 fecimus.
1638 1272 1679 1308 X,
1703 1274 1774 1303 498.

1167 1315 1291 1342 Vincere
1314 1316 1434 1343 difficile
1456 1323 1507 1345 est.
1538 1316 1579 1351 X,
1605 1317 1675 1346 642.

1167 1358 1239 1386 Visa
1264 1358 1387 1386 obseura
1408 1359 1498 1396 prius.
1535 1358 1574 1395 X,
1600 1360 1670 1389 533.

1167 1401 1311 1428 Virtutem
1334 1401 1462 1430 voluere.
1497 1401 1537 1437 X,
1558 1403 1629 1431 556.

1167 1443 1236 1471 Vita
1259 1444 1387 1472 humana
1409 1445 1506 1474 decus.
1540 1444 1581 1480 X,
1605 1446 1676 1475 599.

1167 1487 1261 1514 Vobis
1284 1496 1397 1515 rursum
1422 1488 1517 1518 hodie.
1552 1487 1592 1523 X,
1619 1488 1690 1518 660.

1168 1529 1260 1557 Vobis
1283 1530 1405 1558 salutem
1429 1536 1535 1560 noster.
1569 1530 1608 1566 X,
1634 1532 1704 1560 500.

1168 1573 1230 1600 Vos
1253 1573 1287 1600 ad
1312 1582 1343 1601 se
1367 1574 1457 1610 pueri.
1494 1573 1533 1609 X,
1559 1576 1630 1603 531.

1168 1616 1235 1642 Vox
1259 1622 1318 1650 tua,
1341 1615 1438 1644 Gnate
1462 1617 1527 1645 Dei.
1563 1616 1603 1651 X,
1629 1617 1698 1646 653.

1168 1659 1240 1686 Vult
1263 1659 1300 1686 ad
1324 1664 1458 1688 sel-tores.
1494 1659 1533 1694 Χ,
1560 1661 1631 1689 659.

1167 1699 1251 1730 'Ama‘
1274 1703 1348 1730 ποσὶ
1369 1705 1547 1741 κραιπνοῖσι,
1582 1701 1622 1738 Χ,
1647 1702 1717 1731 663.

1167 1742 1375 1784 Ἀπρτιγμόνως
1398 1745 1454 1782 ζῆν.
1491 1745 1531 1779 Χ,
1556 1746 1627 1775 655.

1141 1786 1143 1794 ‘
1169 1788 1193 1815 A
1213 1788 1358 1826 σῖαῳυλὶς
1381 1788 1472 1817 ἔσται.
1507 1788 1578 1822 ΧΧ,
1606 1789 1675 1818 778.

1141 1835 1143 1860 3
1161 1828 1269 1868 Ἄστρα
1291 1827 1344 1867 μὲν
1366 1828 1442 1860 αὐτοὶ
1464 1829 1559 1861 πέλει.
1594 1830 1634 1866 Χ,
1659 1831 1730 1861 545.
1757 1831 1827 1861 66⁶2.

1140 1941 1146 2164 1

1168 1874 1245 1907 Βιός
1269 1871 1295 1902 δ’
1318 1871 1457 1910 ἀληθῶς.
1487 1873 1513 1909 Ι,
1538 1875 1608 1904 831.

1168 1917 1281 1945 Βουλαὶ
1303 1918 1357 1953 μὲν
1379 1918 1436 1945 καὶ.
1471 1916 1511 1951 X,
1537 1918 1606 1946 665.

1169 1958 1221 1988 Δεῖ
1244 1958 1355 1993 πάσαις
1377 1959 1496 1998 βασιλῆ.
1532 1959 1572 1993 Χ,
1597 1961 1667 1989 495.

1168 2002 1353 2041 Δειχθείσας
1376 2001 1540 2041 τεράεσσιν.
1576 2002 1615 2036 Χ,
1641 2004 1712 2032 579.

1168 2045 1208 2073 Ei
1229 2047 1283 2082 μὲν
1304 2044 1437 2084 βροτούς.
1471 2044 1544 2081 XX,
1570 2046 1640 2075 765.

1163 2087 1203 2116 Εἰ
1224 2089 1278 2126 μὲν
1299 2086 1429 2127 βροτοὺς.
1462 2087 1502 2122 Χ,
1526 2089 1596 2118 479.

1170 2131 1229 2165 Εἰς
1251 2129 1296 2167 ἠῶ
1315 2129 1450 2171 Ιῐῖίαδρος.
1485 2130 1527 2166 X,
1552 2132 1622 2160 614.

1162 2171 1259 2203 ’Ένθα
1281 2171 1312 2202 δὲ
1336 2174 1444 2213 θῆρας.
1480 2173 1520 2204 Χ.
1545 2174 1615 2203 579.

1169 2214 1277 2256 Ἑρμοῦ
1298 2215 1404 2245 πάλαι.
1437 2216 1462 2251 I,
1487 2217 1536 2246 22.

1162 2257 1271 2298 ’Έξοχα
1290 2259 1347 2288 τῶν
1370 2257 1476 2289 ἄλλων.
1511 2258 1552 2293 Χ,
1578 2260 1647 2302 615ἶ

1170 2300 1249 2332 Ἐστι
1269 2302 1345 2342 θεῷ.
1381 2301 1420 2336 Χ,
1446 2303 1517 2331 595.

1169 2343 1246 2375 Ἐσῑὶ
1269 2344 1366 2384 χάρις.
1402 2344 1457 2379 IX,
1482 2345 1552 2374 566.

1168 2386 1242 2417 ‘HM
1263 2388 1309 2424 ἑῆς
1331 2385 1483 2427 πατρίδος.
1517 2386 1558 2423 X,
1583 2388 1652 2417 555.

1174 2431 1321 2471 Θρηϊκίης
1342 2432 1404 2468 ξένε
1425 2432 1466 2460 ἐκ.
1502 2429 1542 2465 Χ,
1564 2431 1636 2460 643.

1169 2472 1274 2513 Ἱερεῦς
1292 2471 1340 2510 τήν
1364 2471 1496 2512 διδαχὴν.
1530 2473 1571 2508 Χ,
1596 2473 1667 2503 552.

1172 2517 1274 2546 Κεῑται
1297 2516 1340 2557 τῷ
1363 2514 1394 2546 δὲ
1416 2515 1503 2557 τάφῳ
1527 2516 1648 2557 Πέτρος.
1683 2515 1724 2552 Χ,
1748 2518 1819 2546 491.

1174 2559 1316 2589 Κελτικόν
1339 2557 1406 2588 ἐστ’.
1440 2558 1480 2593 Χ,
1500 2559 1571 2588 659.
