2299 2921
143 126 184 158 '71

144 220 209 251 Oct.

144 262 222 292 Nov.

143 605 215 634 Dec.

139 1159 201 1188 Ian.

134 1760 221 1789 Febr.

133 1846 219 1874 Mart.

126 2401 219 2440 April.

263 222 299 251 31

282 266 310 294 5.

284 309 311 337 9.

264 352 311 379 10.

262 393 309 421 12.

262 436 311 464 20.

261 479 310 506 25.

259 521 308 550 29.

261 564 309 592 30.

280 606 307 634 8.

280 650 307 676 9.

259 777 304 804 14.

258 820 304 848 16.

257 904 305 932 22.

254 947 304 975 26.

277 1161 304 1232 «υ»

257 1334 302 1360 11.

258 1376 305 1403 14.

255 1418 301 1446 15.

254 1461 302 1488 18.

254 1503 302 1532 20.

251 1589 301 1617 28.

244 2231 292 2260 22.

242 2274 291 2302 23.

242 2316 290 2345 29.

242 2360 290 2387 30.

792 129 978 162 PH1L1PP1
1008 128 1323 161 MELANTHONIS
1350 128 1508 161 OPERA.
2106 135 2148 166 72

306 243 313 250 .
337 222 528 251 Wormatiam
551 223 718 260 ingreditur.

334 265 459 293 Fachsio
483 267 656 294 sententiam
680 266 779 294 scribit
801 266 836 294 de
858 271 938 294 recte
958 266 1137 293 instituenda
1160 266 1309 294 academia
1331 265 1457 303 Lipsica.

335 308 478 345 Theologi
503 308 728 336 protestantium
752 308 956 345 colloquuntur
978 309 1053 336 inter
1074 318 1105 337 se
1128 309 1163 336 de
1186 309 1325 337 doctriua.

336 351 471 379 Formam
495 352 711 388 protestationis
734 351 890 387 componit.

334 392 511 421 Sententiam
535 402 615 420 suam
638 393 744 420 litteris
766 394 893 427 mandat,
917 403 975 430 quo
994 394 1082 421 modo
1104 394 1247 431 agendum
1269 394 1307 422 sit
1328 395 1358 422 in
1373 395 1529 432 colloquio.

336 435 504 470 Granvella,
528 436 639 472 legatus
664 440 691 462 et
710 441 808 463 orator
831 435 976 470 Caesaris,
1002 436 1192 465 Wormatiam
1217 437 1301 465 venit.

334 479 489 507 Inchoatur
511 482 668 505 conventus
692 477 924 508 Wormatiensis.
971 479 1139 507 Melanthou
1163 480 1289 516 concipit
1311 489 1483 517 responsum
1506 481 1543 509 ad
1565 479 1742 510 Granvellae
1765 483 1936 512 orationem.

332 520 505 557 Disputatur
528 521 564 548 de
587 520 687 547 ordine
712 521 896 557 colloquendi
919 523 949 549 in
973 528 1126 551 conventu.

333 564 532 590 Protestantes
556 563 673 590 tradunt
696 563 847 592 catholicis
871 565 1034 601 exemplum
1058 567 1248 602 Augustanae
1272 563 1475 594 Confessionis
1497 571 1524 594 et
1547 567 1701 604 apologiae
1725 567 1866 596 eiusdem.

332 604 433 633 Oratio
455 603 614 642 Campegii,
637 606 726 642 legati
750 606 907 640 Pontificii,
931 608 967 634 ad
989 617 1075 643 quam
1099 607 1268 635 Melanthon
1291 609 1455 644 respondet.

333 648 376 675 vel
405 649 450 675 10.
474 648 545 675 Dec.
571 647 753 676 Camerarius
777 650 856 677 venit
884 649 1075 678 Wormatiam
1097 651 1134 678 ad
1158 651 1312 678 videndum
1335 651 1562 680 Melanthonem.

332 690 537 719 Commoratus
561 695 604 718 est
627 692 686 718 fere
709 700 800 728 usque
824 693 860 720 ad
884 692 911 720 d.
941 694 986 721 15.
1012 692 1084 720 Dec.

333 733 502 761 Melanthon
526 734 651 761 consulit
674 734 710 761 de
733 734 900 762 valetudine
924 744 977 763 sua
996 735 1165 770 Fuchsium,
1189 736 1332 764 medicum
1356 735 1584 773 Tubingensem.

330 776 371 803 Io.
397 776 507 803 Eckius
526 777 665 814 proponit
688 778 825 807 articulos
848 778 923 806 fidei.

329 819 521 846 Excuduntur
550 819 640 847 libelli
663 820 731 847 Mel.
756 821 792 848 de
821 821 958 858 coniugio
989 822 1188 856 sacerdotum,
1220 822 1255 849 dc
1277 821 1416 849 abusibus
1438 830 1538 849 sacrae
1567 830 1675 850 coenae
1698 827 1727 850 et
1756 824 1791 852 de
1820 825 1945 861 primatu
1963 824 2063 862 Papae
2092 834 2146 862 per

329 859 494 889 Cratonem.
536 861 622 890 Uxor
643 862 709 890 Mel.
733 864 861 900 graviter
883 868 1022 901 aegrotat.
1899 864 1906 869 ’

331 903 511 932 Granvellae
535 905 623 932 mittit
645 905 816 934 Melanthon
841 907 993 944 epistolam
1017 907 1159 944 privatam
1183 908 1219 935 de
1242 907 1327 935 rebus
1345 907 1375 934 in
1400 911 1544 934 conventu
1567 908 1696 944 agendis.

328 946 499 984 Respondet
522 948 639 975 nomine
662 948 865 986 theologorum
888 950 917 977 in
938 956 1081 978 conventu
1105 955 1347 987 congregatorum
1369 949 1540 978 Pastoribus
1562 950 1592 978 in
1617 954 1762 978 conventu
1781 950 1987 980 Neocomensi.

984 1075 1139 1107 ANNO
1178 1076 1302 1107 1511.

328 1160 416 1188 Nova
436 1161 597 1198 propositio
621 1171 638 1189 a
662 1160 822 1190 Granvella
846 1163 932 1192 facta.

298 1225 305 1232 .
329 1203 515 1240 Responsum
538 1204 776 1234 Protestantium.

330 1245 474 1274 Osiander
496 1247 526 1274 in
552 1248 634 1284 epist.
655 1248 690 1275 ad
713 1247 968 1285 Norinbergenses
989 1249 1098 1276 invehit
1122 1249 1151 1276 in
1175 1248 1391 1276 Melanthonem
1416 1249 1535 1285 eiusque
1558 1249 1653 1276 fidem.

330 1289 454 1317 Moritur
478 1290 641 1327 Episcopus
664 1290 804 1318 Zizensis.

326 1333 489 1366 Mauritius,
513 1332 583 1360 Dux
607 1331 688 1366 Sax.,
713 1342 831 1361 uxorem
854 1334 934 1361 ducit
957 1334 1047 1361 filiam
1072 1334 1202 1371 Philippi
1226 1333 1411 1371 Landgravii.

329 1374 433 1411 Incipit
457 1375 634 1413 colloquium
656 1375 838 1404 Wormatiae
860 1377 936 1404 inter
959 1376 1001 1405 Io.
1025 1376 1150 1405 Eckium
1174 1382 1203 1404 et
1225 1377 1299 1405 Phil.
1322 1377 1548 1405 Melanthonem.

324 1417 452 1446 Litterae
476 1418 611 1447 Caesaris
634 1419 671 1446 ad
695 1418 894 1454 Gmnvellazu,
916 1420 1133 1457 prorogandum
1157 1429 1221 1448 esse
1245 1419 1420 1457 colloquium
1443 1421 1472 1448 in
1496 1419 1624 1455 comitia,
1647 1419 1827 1449 Ratisbonae
1850 1420 1992 1449 habenda.

326 1459 440 1488 Finitur
464 1466 633 1496 conventus,
656 1462 785 1490 recitatis
807 1462 910 1490 litteris
933 1461 1069 1491 Caesaris
1091 1463 1127 1491 ad
1151 1462 1349 1491 Granveuam.

326 1504 498 1532 Mandatum
522 1502 659 1532 Caesaris
681 1505 717 1532 de
739 1506 862 1534 comitiis
886 1505 1066 1534 Ratisbonae
1089 1506 1239 1535 habendis.

326 1547 496 1574 Melanthon
519 1546 713 1584 proficiscitur
731 1549 857 1577 domum.

324 1588 407 1626 Papa
430 1590 547 1617 mandat
574 1590 670 1627 legato
692 1600 745 1619 suo
769 1591 952 1628 Contaren0‚
979 1598 1009 1620 ut
1033 1592 1212 1620 Ratisbonae
1242 1593 1343 1629 quovis
1375 1592 1462 1620 modo
1491 1592 1676 1620 concordiam
1699 1591 1775 1618 inter
1798 1588 1968 1619 Catholicos
1990 1594 2019 1619 et
2041 1590 2141 1619 Prote-

360 1637 468 1660 stantes
490 1633 631 1670 impedire
654 1635 775 1662 studeat.
2115 1632 2121 1637 '

323 1675 432 1704 Caesar
454 1675 570 1710 librum,
594 1677 643 1713 qui
668 1682 744 1705 esset
765 1678 891 1706 formula
913 1678 1086 1706 concordiae
1107 1679 1183 1706 inter
1206 1676 1376 1707 Catholicos
1399 1682 1428 1705 et
1446 1677 1646 1706 protestantes
1669 1676 1744 1704 mitti
1767 1677 1878 1706 cmavit
1890 1676 2027 1714 Philippo
2042 1675 2140 1704 Land-

356 1719 456 1755 gravio
481 1724 508 1746 et
530 1718 680 1747 Ioachimo
703 1720 793 1749 Elect.
816 1720 981 1749 Brandenb.

326 1760 491 1789 Ioachimus
515 1762 645 1790 Marchio
670 1763 760 1792 Elect.
784 1763 889 1791 librum
913 1762 1046 1791 Caesaris
1069 1765 1156 1792 mittit
1178 1763 1315 1792 Luthero.

324 1804 391 1832 Mel.
416 1805 612 1832 narrationem
634 1805 669 1832 de
693 1805 838 1842 colloquio
858 1807 944 1834 mittit
967 1807 1003 1834 ad
1027 1807 1189 1841 Albertum,
1210 1807 1322 1835 Ducem
1346 1806 1442 1834 Pruss.

294 1868 300 1874 .
325 1847 393 1874 Vito
416 1846 573 1875 Theodoro
597 1848 684 1875 mittit
704 1849 775 1876 duas
797 1849 1002 1877 oratiunculas.

320 1889 414 1916 Valde
438 1890 566 1926 queritur
588 1890 623 1917 de
646 1891 729 1919 malis
754 1892 881 1920 consiliis
905 1893 988 1919 aulae
1011 1893 1155 1921 Electoris
1178 1897 1206 1920 et
1223 1892 1410 1929 Landgravii.

323 1932 462 1968 Princeps
484 1932 574 1960 Elect.
598 1933 686 1968 iubet,
710 1939 739 1961 ut
761 1934 930 1963 Melanthon
956 1941 983 1963 et
1006 1933 1146 1973 Cruciger
1168 1936 1223 1963 iter
1252 1936 1281 1964 in
1305 1939 1479 1962 conventum
1503 1933 1617 1962 Ratisb.
1641 1934 1842 1971 ingrediantur
1865 1939 1893 1961 et
1915 1933 1942 1961 d.
1968 1934 2016 1962 16.
2040 1934 2137 1963 Martii

358 1976 476 2002 veniant
499 1976 721 2013 Altenburguin.

322 2017 379 2045 [ter
397 2018 557 2055 ingreditur
581 2019 758 2047 Melanthon.

319 2060 437 2097 Lipsiae
461 2066 505 2089 est
528 2066 554 2088 et
577 2063 689 2098 vesperi
714 2063 790 2090 venit
815 2062 1038 2100 Altenburgum.

324 2103 356 2130 ln
378 2104 457 2131 aditu
482 2104 625 2132 Bavariae
649 2114 759 2139 currus,
782 2115 839 2142 quo
862 2106 1035 2133 Melanthon
1059 2106 1224 2140 vehebatur,
1248 2114 1381 2141 eversus,
1405 2111 1432 2133 et
1455 2105 1560 2133 dextra
1584 2104 1779 2133 Melanthonis
1803 2104 1896 2142 tigillo
1918 2104 2027 2132 duriter
2050 2103 2136 2133 allisa

357 2151 414 2179 est,
448 2147 488 2174 ita
519 2152 550 2174 ut
578 2157 611 2175 ea
634 2148 682 2175 diu
704 2149 745 2176 uti
767 2157 826 2176 non
849 2154 955 2185 posset..
1002 2148 1151 2186 Epistolas
1175 2149 1277 2186 igitur,
1302 2158 1374 2186 quas
1398 2153 1464 2186 post
1486 2149 1644 2176 adventum
1668 2148 1798 2184 scripsit,
1834 2147 1953 2175 dictavit
1976 2145 2134 2185 Crucigero

352 2190 450 2216 comiti
472 2199 533 2217 suo.

318 2230 443 2259 Carmen
467 2233 549 2260 facit:
575 2233 748 2269 „detestatio
772 2233 998 2271 negligentiae“,
1023 2243 1057 2261 ex
1082 2244 1142 2271 cap.
1171 2235 1216 2262 17.
1241 2234 1348 2262 Exodi.

315 2274 428 2312 Regem
454 2274 572 2303 Galliae
595 2276 750 2312 supplicat,
775 2286 810 2303 ne
834 2277 1033 2304 Protcstantcs
1056 2278 1085 2304 in
1110 2276 1209 2305 Gallia
1232 2282 1428 2314 persequatur.

315 2315 435 2345 Scribit:
459 2318 494 2345 de
519 2319 707 2348 ordinatione.

315 2359 471 2397 Componit
495 2361 706 2390 oratiunculam
727 2363 757 2390 in
781 2366 925 2390 conventu
949 2362 1109 2390 dicendam.

263 2403 291 2430 5.
314 2402 401 2431 Initia
424 2403 603 2440 publicarum
628 2405 867 2433 deliberationum
885 2405 914 2432 in
939 2410 1089 2432 conventu.
1134 2406 1301 2442 Propositio
1324 2405 1461 2434 Caesaris
1484 2405 1598 2444 legitur.

244 2446 290 2472 13.
314 2446 441 2483 Eligitur
462 2446 631 2475 Melanthon
655 2457 718 2476 cum
742 2448 822 2483 aliis,
853 2452 883 2476 ut
911 2447 1092 2483 colloquatur
1115 2458 1178 2476 cum
1203 2449 1372 2478 Catholicis.
1399 2466 1439 2469 -
1464 2447 1625 2477 Granvella
1649 2448 1838 2485 Burgundum
1869 2448 2034 2484 chirurgum
2057 2445 2132 2475 Cae—

350 2489 422 2516 saris
445 2489 627 2517 Melanthoni
649 2491 746 2526 mittit,
769 2496 800 2518 ut
824 2497 903 2518 curet
926 2500 1043 2518 manum
1064 2491 1203 2520 luxatam.

244 2531 289 2557 15.
316 2532 484 2559 Accersitus
509 2539 551 2560 est
575 2533 720 2569 Breutius,
742 2534 912 2571 Theologus
936 2533 1093 2561 Hallensis.
1119 2550 1156 2554 —
1182 2534 1278 2562 Iustus
1299 2534 1386 2562 Ionas
1408 2533 1503 2562 Halae
1522 2533 1673 2563 Saxonum
1697 2534 1808 2571 primus
1826 2532 2017 2570 Evangelium
2035 2532 2130 2560 docet.

244 2573 289 2600 18.
316 2574 497 2603 Amsdorfius
520 2584 538 2602 a
561 2575 700 2614 Principe
723 2577 806 2605 Elect
827 2587 858 2605 re
880 2576 1002 2603 mittitur
1026 2575 1227 2611 Ratisbonam,
1251 2587 1286 2605 ne
1310 2578 1430 2605 nimium
1455 2578 1630 2606 concedatur
1653 2577 1838 2604 adversariis.
