2299 2921
154 102 218 134 355
807 98 997 131 PHlLlPPl
1020 97 1341 130 MELANTHONtS
1364 97 1523 130 OPERA.
2108 102 2174 135 356

155 197 190 224 ln
212 195 381 225 Chronicon
403 194 474 225 642.
1192 193 1307 222 Sebeda
1335 194 1371 222 de
1393 194 1576 222 enarratione
1605 195 1746 223 orationis
1770 195 1925 225 Aeschinis
1951 202 2053 226 contra
2074 197 2174 228 Ktesi-

157 240 245 268 Petro
269 239 425 267 Vincentio
447 238 494 265 die
515 237 605 265 natali
629 236 762 264 Platonis
786 236 857 265 642.
1235 237 1375 274 phontem
1400 236 1471 266 660.

156 282 246 310 Petro
270 282 427 309 Vincentio
448 281 519 308 643.
1193 279 1364 316 Prodigium
1394 284 1581 317 conspectum
1610 278 1706 308 Sibari
1733 280 1764 308 in
1790 280 1893 317 Italia,
1921 288 2075 320 antequam
2098 283 2173 313 dele-

156 324 309 362 Demctrjo
331 323 442 360 hospiti
465 321 794 359 Constantinopolitano
815 321 886 351 643.
1237 327 1315 350 retur
1339 322 1410 351 660.

158 368 193 395 In
221 368 378 404 imaginem
402 365 474 393 Rev.
500 365 586 394 Doct.
612 365 732 394 Ioannis
754 364 955 402 Bugenhagii,
985 364 1141 393 Pomerani
1193 365 1415 402 Epigrammata
1449 365 1536 392 trium
1569 369 1729 393 statuarum
1765 367 1802 394 ad
1835 365 2021 405 Strymonem
2054 369 2173 398 fluvium

203 411 274 438 644.
1237 408 1396 445 positarum
1421 407 1532 435 civibus
1555 408 1676 442 Atticis,
1699 409 1749 445 qui
1773 409 1876 438 Medos
1897 417 2112 448 represserant,
2136 421 2174 440 ex

159 452 328 481 Gratiarum
347 452 423 479 actio
446 460 500 488 pro
520 450 661 479 beneficio
685 451 746 478 nati
768 449 877 479 Christi
898 450 967 479 644.
1237 450 1394 478 Aeschinis
1418 454 1491 479 orat.
1516 456 1618 478 eontra
1638 450 1864 489 Ktesiphontem
1889 454 1960 483 660.

157 495 292 524 Precatio
317 495 388 523 645.
1195 492 1241 520 De
1264 493 1357 521 civica
1379 502 1498 528 corona,
1520 501 1556 520 ex
1578 494 1725 522 Aeschine
1749 495 1819 524 661.

160 539 206 567 De
230 537 375 574 coniugio,
398 537 428 564 in
451 536 568 573 nuptias
587 536 708 565 Ioannis
731 535 868 564 Cratonis
892 536 962 565 645.
1193 534 1228 562 In
1250 535 1554 576 βατραχομυομαχίαν
1576 536 1700 565 Homeri
1724 537 1795 566 661.

158 581 207 609 Ad
228 581 389 608 studiosam
411 580 591 608 iuventutem
613 589 666 617 pro
689 579 767 607 felici
789 579 859 607 anni
881 578 1020 616 auspicio.
1047 578 1118 607 646.
1164 579 1168 636 Ι
1193 577 1279 606 Plato
1300 579 1330 606 in
1353 578 1529 615 Epinomide
1551 579 1600 614 ait,
1624 586 1736 617 gratam
1759 581 1795 608 de
1817 579 1883 608 Deo
1907 581 2012 609 famam
2035 582 2066 610 in
2087 582 2174 611 astris

159 623 334 652 Exhortatio
357 623 395 651 ad
417 623 567 650 doctrinae
590 622 686 651 studia
705 628 732 650 et
754 622 968 650 invocationem
992 621 1063 650 646.
1163 637 1168 665 Ι
1237 626 1266 648 et
1288 621 1421 649 doctrina
1443 627 1587 650 astrorum
1611 631 1741 659 sparsam
1764 632 1828 651 esse
1852 623 1922 652 662.

160 667 210 694 Ad
232 667 332 694 turrim
356 666 456 703 templi
478 665 507 693 in
532 666 640 702 oppido
663 665 848 702 Marienberg
869 665 939 694 647.
1163 668 1169 730 ι
1193 663 1289 693 Locus
1321 664 1454 692 Platonis
1486 664 1554 692 VH.
1590 665 1626 693 de
1653 666 1779 703 republ„
1802 667 1850 704 qui
1885 672 1927 694 est
1961 668 2174 696 commendatio

160 707 328 737 Christiano
352 709 497 741 Pomano,
522 707 705 736 Cancellario
728 708 844 736 Ducum
868 706 977 736 Saxon.
1004 707 1074 735 647.
1236 706 1417 735 Dialecticae
1441 707 1512 736 662.

159 750 329 790 Ἑξάστιχον
351 751 385 779 P.
408 751 447 779 M.
472 752 508 778 de
531 752 609 779 dicto
631 751 654 779 I.
679 751 776 779 Paral.
803 752 850 780 17.
878 751 948 779 648.
1195 749 1385 786 Epigramma
1408 749 1478 779 662,

160 795 272 823 Versus
295 794 370 822 Phil.
393 794 533 823 Melauth.
564 795 665 831 paucis
693 794 796 822 diebus
822 798 889 821 ante
911 793 1022 821 obitum
1045 792 1083 820 ab
1106 801 1141 820 eo
1195 792 1305 821 Versus
1328 793 1514 830 Empedoclis
1539 793 1609 821 663.

204 838 304 874 scripti
329 837 400 865 648.
1195 835 1305 863 Versus
1328 834 1457 872 Oppiani
1487 836 1523 863 de
1545 836 1649 864 ardore
1676 836 1751 864 inter
1774 845 1890 864 cervum
1914 842 1942 865 et
1964 847 2077 866 cervam
2101 839 2172 869 663.

162 878 221 908 Cur
244 890 297 908 nos
320 884 401 908 curet
423 885 451 907 et
473 884 567 908 ser-vet
589 879 671 908 Deus
695 879 766 909 649.
1195 877 1243 905 Ex
1266 877 1404 916 Oppiano
1427 879 1463 906 de
1484 879 1638 906 venatione
1661 879 1823 907 Pardorum
1847 880 1917 909 663.

160 923 242 951 Deus
267 928 309 950 est
332 927 411 951 casta
432 932 514 951 mens
539 923 609 951 649.
1196 919 1275 958 Syrti
1299 925 1380 948 ortus
1402 921 1508 949 noxios
1525 926 1622 950 aestus
1641 921 1740 957 efficit,
1762 932 1798 950 ex
1818 922 1906 951 Hom.
1923 922 2008 952 Iliad.
2028 923 2077 952 22.
2103 924 2174 953 664.

160 965 315 994 Distichon
342 966 413 995 649,
1195 965 1244 992 Ex
1269 963 1391 992 Homeri
1415 963 1523 1002 Odyss.
1551 966 1597 994 19.
1624 965 1695 993 665.

1196 1007 1242 1035 De
1266 1007 1426 1041 elementis,
1448 1017 1485 1035 ex
1508 1003 1686 1044 Empedocle
1710 1008 1780 1037 665.

160 1051 195 1079 In
217 1051 354 1079 historias
377 1050 491 1088 Regum
517 1051 586 1080 650.
1196 1050 1352 1087 Inscriptio
1373 1050 1404 1077 in
1427 1054 1524 1078 statua
1546 1051 1639 1078 Arato
1663 1048 1803 1088 Sicyonio
1822 1051 1919 1089 posita
1943 1051 2013 1080 665.

161 1094 196 1122 In
220 1094 384 1131 Prophetas
409 1094 479 1123 651.
1198 1091 1300 1120 Oratio
1322 1092 1468 1130 Apollinis
1491 1093 1566 1130 apud
1585 1092 1795 1122 Callimachum
1822 1095 1893 1122 666.

159 1136 194 1165 In
218 1136 352 1165 Psalmos
377 1137 447 1166 651.
1197 1135 1327 1173 Clypeus
1357 1135 1417 1163 Titi
1445 1130 1614 1164 Flamminii
1647 1145 1804 1173 suspensus
1834 1137 1863 1164 in
1894 1137 2002 1173 templo
2030 1136 2177 1174 Delphico

160 1180 207 1208 De
231 1180 308 1207 dieto
332 1179 452 1208 Ioannis
476 1179 635 1216 Baptistae.
670 1179 733 1208 [oh.
760 1181 787 1209 3.
815 1180 885 1209 652.
1168 1169 1175 1620 ἱ
1242 1179 1312 1206 666.

160 1007 195 1036 In
219 1006 351 1036 Genesin
375 1008 446 1038 650.

160 1222 207 1251 De
230 1223 307 1251 dicto
331 1222 438 1250 Esaiae
462 1232 485 1250 c.
511 1223 559 1251 30.
587 1222 657 1252 652.
1197 1220 1308 1248 Hector
1342 1221 1420 1257 apud
1448 1220 1569 1249 Homer.
1602 1221 1637 1249 Il.
1670 1222 1718 1251 15.
1751 1222 1922 1250 adhortatur
1944 1221 2105 1257 Troianos,
2145 1226 2178 1250 ut

160 1265 220 1294 Die
242 1266 432 1294 Pentecostes
454 1266 585 1303 precatio
603 1264 722 1303 Lipsiae
743 1265 851 1302 scripta
875 1265 945 1293 653.

161 1308 297 1336 Precatio
321 1308 358 1336 ad
381 1317 511 1336 mensam
536 1309 607 1337 653.

161 1352 208 1379 De
231 1360 322 1388 puero
344 1350 411 1378 Iesu
431 1351 547 1378 iacente
570 1351 602 1378 in
624 1349 783 1387 Praesepio
808 1350 878 1379 653.

160 1394 195 1422 In
220 1394 343 1422 Paulum
366 1395 472 1431 Apost.
498 1394 568 1422 654.

161 1438 374 1465 Praemeditate
397 1437 575 1474 loquendum
599 1436 670 1465 654.

162 1480 197 1508 In
221 1490 337 1508 carmen
361 1480 524 1507 Eberhardi
547 1479 723 1507 Lothnianni
748 1479 818 1507 654.

163 1524 203 1551 M.
228 1523 319 1551 Paulo
342 1523 439 1551 Ebero
462 1523 532 1551 655.

163 1567 212 1594 Ad
235 1566 360 1594 Paulum
384 1566 512 1594 Eberum
538 1565 608 1594 655.

161 1609 323 1646 Epicedion
348 1608 476 1637 Nicolao
500 1608 606 1637 Caesio
630 1608 769 1646 scriptum
791 1607 861 1637 655.

163 1652 273 1681 Contra
296 1653 493 1680 curiositatem
516 1652 587 1680 655.

162 1695 209 1724 De
238 1695 405 1724 discrimine
431 1694 570 1723 historiae
592 1693 755 1729 Herodoti,
784 1693 967 1732 Thucydidis
996 1697 1024 1720 et
1044 1690 1146 1721 Xeno-

205 1739 323 1776 phontis
348 1738 419 1767 656.

163 1781 208 1809 De
231 1781 355 1809 utilitate
378 1781 512 1808 lectionis
536 1780 722 1808 historiarum
748 1780 818 1809 656.

162 1823 270 1853 Comiti
311 1823 449 1852 Michaeli
479 1822 660 1851 Werthemio
689 1823 848 1851 discedenti
878 1832 914 1851 ex
943 1822 1035 1851 Acad.
1065 1820 1146 1858 Lips.

205 1869 406 1906 προπέμτικον
431 1866 501 1895 656.

1240 1273 1293 1299 pro
1316 1263 1409 1299 patria
1431 1263 1569 1291 dimicent.
1593 1264 1663 1293 666.

1198 1304 1308 1334 Poema
1330 1306 1451 1344 Tyrtaei
1473 1306 1565 1334 latino
1587 1307 1716 1335 carmine
1737 1307 1882 1335 redditum
1907 1307 1977 1336 667.

1198 1349 1245 1377 Ex
1269 1349 1358 1376 veteri
1380 1348 1515 1386 poiimate
1539 1349 1609 1379 667.

1197 1391 1287 1429 Apud
1310 1392 1477 1420 Atheneum
1500 1390 1594 1431 γλαύξ
1616 1393 1646 1421 ἐν
1668 1391 1763 1432 τάφῳ,
1800 1392 1845 1420 De
1868 1391 2015 1429 Sophocle
2037 1401 2106 1422 sene
2129 1392 2178 1420 ha-

1242 1435 1326 1462 bente
1350 1435 1475 1462 vetulam
1501 1436 1571 1464 668.

1197 1476 1245 1505 De
1267 1477 1366 1515 lyricis
1389 1477 1486 1515 poetis
1511 1479 1581 1507 668.
1855 1502 1862 1505 .

1199 1520 1329 1558 Impetus
1353 1521 1485 1557 poeticus
1509 1530 1573 1549 esse
1592 1521 1669 1549 dona
1693 1520 1750 1548 Dei
1773 1521 1843 1550 668.

1198 1564 1224 1591 E
1247 1572 1368 1601 graeco:
1392 1564 1475 1592 Haec
1498 1569 1542 1592 est
1562 1573 1595 1592 os
1617 1573 1652 1591 ex
1675 1564 1790 1592 ossibus
1812 1564 1885 1591 ineis
1909 1563 1979 1593 669.

1199 1606 1284 1635 Iocus
1306 1606 1436 1635 Nasonis
1458 1608 1489 1635 in
1511 1607 1707 1644 importunum
1728 1607 1832 1635 ianuae
1854 1606 2032 1644 pulsatorem
2053 1606 2123 1636 669.

1199 1649 1247 1678 Ex
1271 1649 1421 1678 Phocilide
1446 1650 1516 1680 669.

1199 1692 1234 1720 In
1253 1692 1383 1721 Rhesum
1408 1693 1557 1730 Euripidis
1582 1693 1652 1721 670.

1199 1735 1385 1764 Nazianzeni
1409 1745 1508 1763 versus
1531 1736 1602 1775 περὶ
1625 1734 1757 1773 στοργῶν
1781 1735 1852 1763 670.

1199 1778 1398 1816 Epigramma,
1412 1780 1520 1807 docens
1539 1779 1684 1814 quomodo
1698 1778 1824 1805 Romani
1837 1778 1912 1805 diem
1925 1782 2138 1815 transegerunt,
2152 1781 2180 1804 et

1242 1831 1315 1859 quos
1332 1822 1447 1850 labores
1465 1830 1517 1850 seu
1535 1822 1654 1858 negotia
1671 1821 1792 1858 singulis
1804 1821 1884 1849 horis
1896 1820 2088 1848 attribuerunt
2107 1820 2179 1848 671.

1604 1890 1670 1918 Vol.
1695 1889 1766 1918 XX.

1200 1950 1331 1987 Philippi
1354 1950 1483 1986 pullisoli
1506 1950 1669 1978 duodennis
1690 1950 1759 1978 765.

162 1909 196 1937 In
219 1910 361 1938 Iohannis
387 1909 561 1937 Schramniii
584 1909 694 1946 nuptiis
715 1909 843 1946 precatio
868 1909 938 1938 657.

162 1953 209 1981 Ad
234 1954 365 1990 hospites
389 1952 631 1988 Hamburgenses
656 1952 727 1981 657.

163 1996 266 2024 Ioanni
290 1994 411 2023 Cratoni
434 1994 548 2022 tabulas
570 1995 742 2022 Prutenicas
765 1995 881 2022 mittens
904 1994 975 2023 658.
1199 1993 1234 2020 Iu
1258 1998 1379 2020 mortem
1403 1992 1505 2021 Bebeli
1530 1994 1600 2022 765.

162 2039 353 2076 Epitaphium
383 2038 464 2065 filioli
487 2037 671 2075 Wolffgangi
694 2037 871 2072 Diffsteteri,
895 2036 1040 2074 quondam
1064 2045 1147 2074 prae·
1173 2065 1175 2071 s
1199 2035 1274 2063 Iulio
1298 2036 1405 2073 Pflugk
1430 2036 1500 2065 767.

205 2082 272 2109 fecti
296 2082 371 2109 arcis
396 2081 558 2118 Witteberg
584 2081 655 2110 658.
1172 2077 1174 2113 1
1199 2078 1336 2117 Synodns
1359 2080 1454 2106 avium
1481 2078 1551 2107 767.

162 2124 296 2152 Disticha
320 2125 391 2154 658.
1200 2122 1329 2159 Idyllion
1353 2123 1389 2150 de
1413 2121 1576 2150 Philomele
1600 2122 1670 2151 776.

162 2167 297 2195 Disticha
322 2168 391 2196 659.
1199 2165 1303 2203 Elegia
1326 2166 1361 2193 de
1383 2163 1528 2203 Staphylo
1554 2164 1624 2193 778.
