2299 2921
139 112 200 143 167

794 111 975 144 PHILIPPl
1000 110 1320 143 MELANTHONJS
1343 109 1502 142 OPERA.
2089 108 2154 141 168

2087 205 2151 234 Pag.

500 245 536 271 A.
585 243 836 271 Melanthonis
861 242 954 270 liber
973 241 1207 269 visitatorins
1231 241 1372 268 latinus
1395 241 1517 269 inscio
1540 245 1694 268 auctore
1713 240 1840 268 editus.

346 329 560 365 Prolegomena
579 327 718 364 specialia
769 349 1971 356 .......................
2020 326 2036 353 3
2062 331 2090 353 et
2114 326 2152 354 95

348 371 526 405 Articuli,
545 371 588 398 de
612 370 747 407 quibus
769 374 922 406 egerunt
945 378 1006 406 per
1019 368 1249 397 visitatores
1270 370 1304 396 in
1329 369 1485 406 regione
1508 367 1702 397 Saxoniae.
1738 368 2024 405 Wittembergae

395 414 485 442 1527.
2136 412 2151 438 7

183 518 217 545 B.
263 516 514 545 Melanthonis
534 514 647 543 Liber
671 515 908 542 visitatorius
931 514 1163 552 germanicus
1183 523 1257 542 cum
1281 514 1519 551 praefatione
1544 513 1698 543 Martini
1720 513 1895 549 Lutheri‚
1919 513 2110 543 Electoris

142 1211 278 1235 contenta
298 1206 329 1234 in

1021 557 1125 586 iussu
1147 556 1278 585 editus.

347 644 562 681 Prolegomena
584 642 723 680 specialia
766 666 2022 672 ........................
2114 641 2153 671 29

347 685 470 715 Lutheri
489 686 632 724 praefatio
650 686 681 713 in
702 685 869 713 Editionem
893 685 1018 723 primam
1042 695 1067 712 a.
1096 684 1174 713 1528
1178 706 2023 715 .................
2114 686 2150 712 41

350 729 472 757 Lutheri
491 728 582 756 altera
605 728 747 766 praefatio
770 729 799 756 in
819 728 986 756 Editionem
1010 737 1035 756 a.
1063 727 1144 756 1538
1148 749 2023 757 .................
2114 728 2152 755 47

349 771 560 800 Instructio
583 772 831 799 Visitatorum
853 776 1001 799 auctore
1026 770 1116 799 Phil.
1142 770 1211 798 Mel
1216 793 1752 799 ...........
1786 771 1797 775 ‘
1802 794 2022 799 .....
2114 770 2153 798 49

834 883 872 915 ll.
931 882 1173 916 CONFESSIO
1201 882 1459 915 AUGUSTANA

934 946 1051 970 auctore
1070 941 1145 970 Phil.
1171 940 1367 969 Melanthone.

350 1026 564 1065 Prolegomena
586 1027 737 1065 generalia
767 1048 2023 1056 ........................
2115 1025 2153 1052 97

352 1139 404 1179 Α.
469 1138 895 1180 Confessionis
940 1140 1339 1193 Augustanae
1385 1137 1570 1192 prima
1616 1138 1956 1178 delineatio

355 1207 485 1235 articulis
509 1206 567 1234 XV
590 1206 851 1244 Marpurgensibus
881 1207 1033 1243 magisque
1056 1206 1086 1233 in
1115 1205 1245 1233 articulis
1274 1203 1364 1232 XVII
1387 1203 1623 1233 Suobacensibus
1646 1209 1675 1233 et
1697 1205 1726 1232 in
1747 1204 1877 1232 articulis
1898 1203 2155 1241 Torgaviensibus.

830 1302 855 1320 a.
902 1290 1064 1319 Articuli
1086 1289 1145 1318 XV
1169 1290 1472 1327 Marpurgenses.

352 1368 564 1406 Prolegomcna
602 1391 2025 1398 ...........................
2101 1368 2110 1392 l
2122 1366 2157 1393 13

354 1411 522 1440 Articuli
548 1411 606 1439 XV
631 1411 922 1449 Marpurgenses
986 1433 2026 1439 ....................
2099 1407 2152 1436 12]

836 1510 861 1537 b.
911 1509 1076 1537 Articuli
1099 1507 1190 1537 XVII
1214 1506 1478 1537 Snobacenses.

353 1586 570 1627 Proleg9mena
601 1607 2026 1616 ...........................
2098 1582 2157 1611 129

401 1632 425 1657 1.
471 1629 517 1657 De
538 1629 631 1667 priori
656 1634 799 1658 conventu
824 1627 1004 1658 Suobacensi
1026 1631 1146 1666 eiusque
1168 1627 1279 1656 XXIII
1302 1627 1432 1656 articulis
1478 1650 2027 1656 ...........
2099 1625 2153 1653 131

398 1673 427 1701 2.
476 1670 520 1701 De
542 1673 697 1710 posteriori
716 1677 861 1701 conventu
884 1671 1063 1702 Suobacensi
1086 1672 1204 1710 eiusque
1227 1671 1319 1700 XVII
1340 1669 1470 1699 articulis
1533 1689 2026 1698 ..........
2099 1668 2156 1696 137

355 1714 478 1743 Lutheri
499 1716 641 1752 praefatio
664 1716 694 1744 in
718 1715 892 1753 quibusdam
911 1715 1100 1744 Editionibus
1122 1715 1168 1743 his
1192 1714 1322 1743 articulis
1346 1713 1507 1752 praemissa
1533 1733 2027 1740 ..........
2099 1712 2157 1740 145

358 1757 483 1787 Articuli
506 1757 596 1786 XVII
618 1757 820 1787 Suobaeenses
878 1777 2027 1787 ......................
2101 1754 2154 1781 15]

880 1861 903 1880 c.
951 1852 1117 1880 Articuli
1147 1851 1429 1888 Torgavienses.

355 1928 568 1965 prolegomena
611 1948 2029 1958 ...........................
2102 1926 2154 1953 161

356 1971 520 1999 Articuli
545 1971 826 2009 Torgavienses
884 1991 2030 2000 ......................
2102 1968 2155 1996 171

647 2084 691 2123 B.
757 2083 1081 2125 Confessio
1129 2083 1482 2136 Augustana
1528 2081 1667 2135 ipsa.

360 2175 574 2212 Prolegomena
597 2175 743 2212 generalia
773 2193 2028 2205 ........................
2101 2169 2155 2197 20]

689 2270 719 2291 a.
766 2257 990 2291 Confessio
1020 2259 1267 2301 Augustana
1295 2257 1428 2290 latine
1458 2258 1629 2298 scripta.

495 2347 498 2349 '
550 2352 595 2370 aa.
641 2341 842 2370 Confessio
866 2344 1086 2379 Augustana
1107 2342 1243 2373 latina,
1274 2350 1364 2379 quae
1387 2340 1596 2369 invariata
1620 2338 1766 2367 dicitur.

365 2427 578 2466 Prolegomena
600 2427 739 2465 specialia
777 2444 2032 2457 ........................
2102 2420 2162 2449 213

410 2469 455 2498 De
478 2470 636 2499 Codicibus
659 2471 754 2498 varias
778 2471 841 2498 eius
863 2470 971 2498 formas
992 2469 1205 2498 continentibus
1267 2487 2033 2499 ...............
2103 2463 2162 2492 213

408 2511 454 2540 De
471 2512 657 2542 Editionibus
679 2514 775 2542 varias
798 2514 859 2542 eius
880 2513 988 2542 formas
1010 2513 1224 2540 continentibus
1269 2529 2033 2542 ...............
2103 2505 2162 2534 225

366 2553 566 2585 Confessio
590 2556 726 2590 latina,
750 2565 841 2594 quae
863 2555 1071 2585 invariata
1092 2555 1226 2583 dieitur
1268 2572 2034 2584 ...............
2103 2547 2162 2576 263
