2299 2921
149 123 210 157 301
341 123 380 156 ll.
402 122 589 157 INDICES.
634 125 674 156 H.
698 124 837 158 INDEX
859 123 1054 157 EPISTOL.
1073 124 1185 157 PHIL.
1209 124 1313 156 MEL.
1335 124 1677 158 ALPHABETICUS
1701 126 1787 158 PER
1810 127 1954 159 INITIA.
2090 130 2153 162 302

191 220 263 248 Mox
285 221 378 249 iturus
397 229 477 248 eram
501 220 545 248 ad.
568 219 625 253 IX,
649 220 719 250 903.

191 263 293 291 Multis
316 262 410 291 modis
432 263 537 291 iacent.
561 262 614 297 VI,
640 262 710 292 723.

191 305 308 334 Natura
330 314 411 333 suam
430 305 563 342 quisque.
588 304 658 340 VII,
684 306 774 335 1001.

191 347 301 376 Nescio
325 348 402 375 unde
424 347 568 375 exordias.
591 348 629 382 V,
655 348 724 377 180.

190 390 276 418 Nihil
298 389 447 418 difficilius
471 394 513 418 est
532 391 565 418 in
588 400 714 418 munere.
737 390 806 427 VII,
831 392 902 421 603.

190 432 261 461 Non
285 433 395 467 dubito,
418 433 487 469 quin
510 433 609 461 multo.
632 432 689 468 IX,
713 434 784 464 902.

189 474 260 503 Non
283 475 384 503 dubito
406 480 435 503 te
458 483 553 513 saepe.
577 475 632 510 IX,
659 476 728 505 158.

190 517 260 546 Non
284 522 327 547 est
349 527 456 546 novum
479 518 567 547 abuti.
591 518 644 553 VI,
670 519 739 548 745.

190 560 261 589 Non
280 561 435 598 indulgeas
458 561 559 589 dolori.
583 561 637 599 VI,
663 561 732 590 346.

190 603 301 632 Nostra
325 603 470 641 colloquia
492 603 566 632 volo.
592 603 676 637 VIII,
701 604 770 634 828.

189 645 307 675 Nuncio
330 650 397 675 ante
420 646 545 674 biduum.
569 646 637 681 VII,
661 647 733 676 531.

190 688 251 717 Oro
273 689 370 717 Deum
393 693 542 717 aeternum
565 705 614 717 -.
639 687 742 726 Saepe.
766 690 834 726 VH,
859 691 930 720 944,

189 731 249 760 Oro
272 731 363 760 filium
385 730 442 759 Dei
464 748 515 761 ——.
539 732 633 760 Mitto.
658 731 741 769 VIII,
767 734 838 763 787.

189 774 325 811 Pagellas
348 775 553 811 disputationis
572 775 730 811 proximae.
752 776 837 811 VIII,
862 777 912 805 91.

189 816 303 845 Passim
327 822 501 855 sparguntur
519 818 628 846 literae.
652 818 706 853 VI,
731 819 802 848 845.

188 860 300 889 Paulus
322 860 435 888 Eberus
459 860 586 889 dictavit.
611 860 679 896 VII,
703 862 774 891 487.

190 902 349 939 Postquam
369 903 400 930 in
423 907 566 930 conventu
590 905 773 940 Augustano.
799 904 851 939 VI,
876 905 947 933 90¹7.

188 945 384 983 Pythagoraei
407 955 516 980 sumus,
539 947 598 974 καὶ.
622 946 678 981 ΙΧ,
703 947 773 976 301.

190 987 286 1023 Quam
309 992 375 1016 sunt
398 990 527 1016 incertae
550 997 605 1016 res.
629 988 699 1021 VII,
726 990 816 1018 1103.

188 1029 282 1068 Saepe
304 1032 334 1058 in
357 1031 530 1058 Precatione
553 1031 598 1058 de.
622 1029 707 1065 VIII,
732 1032 802 1060 219.

187 1071 283 1111 Saepe
305 1074 475 1110 interrogati
498 1082 605 1101 sumus.
629 1073 699 1108 VII,
724 1074 795 1102 575.

188 1113 284 1153 Saepe
306 1120 407 1153 repeto
430 1115 630 1143 dulcissimum
655 1125 779 1144 versum.
802 1115 886 1151 VIII,
912 1117 981 1146 100.

186 1156 332 1186 saxoniae
353 1157 494 1187 Civitates
514 1159 638 1186 tandem.
661 1158 730 1193 VII,
756 1159 825 1188 299.

185 1200 299 1229 Scimus
320 1202 350 1228 in
374 1200 429 1228 hac
452 1200 562 1235 ultima,
586 1201 732 1238 languida.
756 1201 826 1237 VII,
852 1202 941 1231 1006.

185 1243 299 1273 Scimus
317 1244 461 1281 ingratam
482 1252 554 1271 esse.
578 1244 615 1278 V,
641 1245 712 1273 551.

184 1285 252 1315 Scio
275 1292 304 1314 te
327 1287 420 1314 virum
440 1287 622 1323 prudentem.
646 1286 715 1321 VII,
741 1287 812 1316 658.

183 1328 249 1358 Scis
271 1329 348 1366 apud
371 1328 489 1357 Esaiam
508 1329 551 1356 ita
574 1329 664 1366 pingi.
690 1329 758 1364 VH,
780 1330 850 1359 633.

184 1371 248 1401 Scis
271 1372 413 1399 infinitam
438 1380 500 1399 esse
520 1372 718 1408 sophisticam.
740 1372 793 1407 VI,
818 1373 888 1402 264.

183 1413 248 1443 Scis
270 1414 423 1451 Principes
446 1415 559 1451 aliquot
581 1416 761 1443 convenisse.
786 1414 842 1451 IX,
865 1416 933 1445 178.

183 1456 248 1487 Scis
272 1466 359 1494 quam
381 1460 494 1493 gratum
518 1457 555 1485 sit
578 1458 747 1495 peregrinis.
771 1458 825 1494 VI,
850 1458 920 1487 643.

183 1499 305 1537 Semper
323 1499 402 1527 utilis
425 1504 481 1527 est·
498 1498 565 1534 VII,
590 1500 640 1529 83.

182 1542 317 1572 Servabit
338 1542 420 1570 Deus
443 1542 615 1570 Ecclesiam.
639 1542 691 1577 VI,
717 1544 787 1573 219.

182 1584 213 1614 Si
236 1586 311 1613 istuc
334 1585 442 1619 veniet,
465 1585 516 1612 vir.
542 1584 610 1617 VII,
640 1585 730 1614 1046.

181 1628 337 1666 Syracides
360 1627 499 1664 praecipit
521 1628 560 1656 in.
585 1627 671 1662 VIII,
697 1628 767 1657 895.

180 1671 266 1699 Talia
289 1675 356 1699 sunt
379 1670 529 1697 Ecclesiae
552 1669 620 1699 Dei.
646 1670 714 1705 VII,
739 1670 809 1699 266.

179 1713 295 1742 Usitata
318 1718 385 1741 sunt
398 1713 549 1740 Ecclesiae
562 1730 612 1742 —-.
638 1713 705 1741 Hac
718 1714 903 1752 cogitatione.
914 1745 916 1747 ,
928 1715 997 1752 VII,
1022 1717 1113 1747 1161.

180 1756 299 1785 Usitata
318 1760 383 1783 sunt
403 1755 555 1783 Ecclesiae
578 1772 629 1784 —.
654 1756 750 1792 Quam
774 1758 865 1787 triste.
888 1758 956 1795 VII,
981 1760 1052 1790 835.

180 1798 222 1827 Ut
243 1808 307 1826 mea
326 1798 480 1826 assiduitas
502 1803 539 1827 te.
565 1798 649 1833 VIII,
675 1800 745 1828 419.

180 1841 301 1870 Utinam
320 1841 349 1868 in
374 1841 457 1868 nobis
481 1846 509 1868 et
528 1842 643 1869 nostris.
668 1841 724 1874 IX,
748 1843 837 1872 1068.

180 1883 344 1920 Utrumque
366 1883 507 1920 praecipit
529 1883 619 1911 Deus.
641 1884 725 1918 VIII,
752 1887 821 1916 179,

180 1927 331 1963 vagantur
353 1925 662 1963 scholastici'passim.
686 1927 754 1963 VII,
779 1929 850 1958 312.

180 1969 269 1997 Velut
292 1969 322 1996 in
346 1970 499 1996 sentinam.
523 1968 576 2002 VI,
602 1970 649 1998 48.

180 2012 341 2040 verissime
364 2012 471 2039 dictum
495 2016 538 2039 est
561 2021 578 2038 a.
596 2011 727 2041 Platone.
751 2013 808 2050 IX,
836 2016 903 2046 110.

180 2055 306 2083 Versum
329 2058 454 2082 veterem
474 2054 561 2082 nosti.
588 2053 643 2089 IX,
670 2056 738 2085 162.

181 2097 272 2125 Vetus
296 2097 417 2125 formula
440 2096 525 2125 Iuris.
550 2096 635 2132 VIII,
661 2099 709 2126 74.

181 2140 235 2168 Vir
256 2141 477 2168 honestissimus
497 2144 525 2167 et
547 2140 696 2176 praeclare
720 2142 856 2172 eruditus.
876 2143 946 2179 VII,
971 2147 1042 2176 970.

138 2196 334 2224 Matthiae:

180 2238 220 2266 Et
242 2239 366 2267 assiduis
388 2238 463 2266 votis
487 2242 522 2265 et.
545 2237 599 2271 VI,
624 2239 695 2268 548.

138 2298 335 2332 Matthiae,
357 2298 532 2326 Thomae:

180 2339 262 2369 Deus
285 2345 419 2369 aeternus
443 2340 529 2368 Pater
552 2358 602 2367 —.
625 2339 760 2379 Cumque
779 2343 878 2373 multa.
898 2344 952 2379 VI,
975 2346 1046 2376 808.

184 2383 329 2412 Existimo
351 2388 379 2412 te
401 2393 489 2421 saepe
513 2383 665 2412 audivisse.
689 2385 758 2421 VH,
785 2387 874 2418 1089,

180 2426 273 2454 Extat
294 2426 479 2455 dulcissimus
499 2435 608 2455 versus.
631 2427 715 2463 VIII,
740 2430 811 2459 731.

181 2468 239 2504 Qui
262 2470 343 2506 gravi
365 2470 482 2498 iudicio.
507 2468 562 2504 IX,
587 2470 657 2500 825.

138 2524 333 2560 Mauritio,
358 2525 451 2553 Duci
471 2523 607 2554 Saxon.
631 2526 816 2555 Electori:

181 2566 235 2597 Die
253 2568 410 2606 Raiferlidye
431 2566 618 2605 ffiubaltung.
643 2568 695 2605 VI,
720 2571 790 2599 795.

1220 220 1252 250 (Ξ.
1261 218 1324 290 {5101
1344 220 1381 249 (S).
1402 220 1487 251 bitten
1506 222 1557 250 mir
1577 222 1594 249 ί.
1614 223 1647 250 U.
1668 221 1735 259 biese
1753 223 1846 259 unfete
1864 222 1974 260 &mitt
1993 224 2153 263 gudbiglicl‘).

1220 306 1253 335 c.
1273 283 1330 342 cry?
1345 262 1495 343 {iiam
1515 306 1565 336 mit
1583 307 1662 341 unser
1682 306 1806 345 einffittig
1820 308 1970 340 aeebenren.
2001 309 2055 346 vl,
2079 311 2151 340 954.

1220 346 1326 376 Gratia
1348 352 1377 376 et
1398 357 1459 386 pax
1481 358 1533 386 per
1556 349 1577 377 I.
1601 348 1634 379 C.
1657 350 1711 385 VI,
1736 350 1808 380 874.

1221 390 1360 427 {IBiemobI
1378 392 1414 426 ici>
1438 398 1490 421 non
1509 392 1559 421 ben
1579 392 1742 428 beimIlcben.
1766 393 1834 429 VII,
1858 394 1930 424 903.

1177 433 1437 462 Maximiliano
1460 433 1518 468 11„
1540 434 1646 472 Regi:

1221 474 1292 504 Non
1315 480 1380 504 utar
1400 477 1497 513 longa.
1521 477 1578 511 IX,
1603 479 1672 507 381.

1176 518 1361 554 Medlero,
1384 518 1560 548 Nicolao:

1218 561 1431 595 Animadverti,
1454 562 1680 592 illustrissimum
1699 565 1867 603 principem.
1892 564 1929 600 V,
1954 565 2024 594 472.

1220 604 1432 639 Animadverti,
1455 614 1514 633 non
1533 606 1625 634 solum
1646 609 1817 637 eruditione.
1841 607 1910 644 VII,
1935 609 2006 637 357.

1218 647 1298 674 Ante
1320 647 1467 676 octiduum
1490 648 1536 676 hic
1557 649 1621 678 fuit.
1643 650 1680 686 V,
1706 651 1778 680 458.

1218 688 1303 717 Bona
1325 698 1390 718 cum
1413 699 1464 727 spe
1487 700 1612 721 oremus.
1635 693 1690 733 VI,
1711 694 1782 723 714.

1219 731 1318 769 Cogor
1337 732 1452 761 brevius
1475 736 1660 771 respondere.
1684 736 1721 771 V,
1743 737 1793 766 86.

1218 774 1292 803 Cum
1316 784 1407 803 essem
1430 778 1593 806 arcessitus.
1617 778 1670 813 VI,
1695 780 1766 808 513.

1217 815 1291 845 Cum
1313 818 1369 846 hoc
1392 823 1522 855 tempore
1544 820 1604 848 filii.
1627 821 1665 855 V,
1689 821 1760 850 222.

1215 859 1281 888 Deo
1300 864 1428 895 aeterno,
1452 863 1529 899 patri
1548 880 1597 891 ——.
1621 863 1737 892 Deinde
1759 865 1822 893 tibi.
1847 865 1884 900 V,
1909 865 1979 894 878.

1216 901 1311 931 Deum
1334 908 1482 932 aeternum
1502 910 1615 942 patrem
1639 924 1688 935 —.
1713 905 1806 944 Spero
1828 907 1934 937 Deum.
1956 907 2009 944 IV,
2026 905 2105 937 ⁸880.

1216 945 1300 974 Deus
1322 947 1395 974 adsit
1419 947 1590 984 Principum
1613 947 1787 978 Conventui.
1811 950 1864 986 IV,
1891 951 1962 980 677.

1216 987 1299 1016 Deus
1322 993 1458 1017 aeternus
1481 995 1564 1027 pater
1587 1007 1636 1021 —.
1657 992 1804 1022 Promisit.
1828 993 1866 1027 V,
1885 994 1956 1022 441.

1216 1030 1282 1067 Ego
1305 1040 1374 1059 vero
1398 1040 1591 1069 nequaquam.
1613 1034 1651 1069 V,
1675 1036 1745 1065 314.

1214 1072 1255 1100 Et
1275 1073 1447 1110 amplissimi
1470 1073 1594 1104 Senatus
1617 1077 1849 1107 Brunsvicensis.
1887 1077 1925 1113 V,
1949 1078 2021 1108 878.

1214 1115 1253 1143 Et
1276 1115 1374 1143 David
1397 1117 1478 1153 petit.
1513 1118 1566 1153 VI,
1587 1119 1657 1148 215.

1213 1158 1252 1186 Et
1275 1167 1329 1195 ego
1352 1159 1451 1194 miror,
1475 1169 1531 1196 quo
1550 1162 1619 1189 fato.
1655 1162 1692 1197 V,
1717 1163 1788 1192 842.

1213 1200 1252 1228 Et
1274 1210 1329 1238 pro
1352 1207 1493 1239 perpetua
1512 1208 1570 1232 tua.
1604 1204 1640 1239 V,
1666 1206 1737 1234 887.

1212 1243 1251 1271 Et
1274 1242 1392 1271 Senatui
1416 1249 1492 1272 tunc.
1523 1246 1576 1281 VI,
1600 1247 1671 1276 440.

1213 1285 1278 1314 Etsi
1302 1287 1406 1314 dextra
1428 1297 1494 1315 mea
1516 1289 1655 1318 nondum.
1690 1289 1742 1325 IV,
1771 1291 1839 1320 167.

1212 1329 1277 1356 Etsi
1300 1329 1417 1357 memini
1440 1330 1509 1367 quid
1532 1332 1613 1360 mihi.
1648 1333 1685 1367 V,
1712 1333 1782 1363 421.

1212 1371 1276 1399 Etsi
1299 1381 1356 1400 non
1380 1373 1553 1403 dubitamus.
1588 1374 1642 1410 ΠΙ,
1666 1376 1737 1405 409.

1213 1414 1277 1442 Etsi
1298 1415 1354 1452 piis
1377 1416 1519 1445 omnibus.
1555 1417 1608 1452 VI,
1628 1419 1682 1447 224.

1213 1457 1278 1485 Etsi
1301 1458 1372 1492 scio,
1396 1458 1448 1486 tibi
1471 1469 1538 1488 non.
1572 1461 1611 1496 V,
1636 1462 1706 1490 786.

1212 1500 1277 1528 Etsi
1300 1509 1352 1538 spe
1374 1501 1604 1532 instaurationis.
1641 1503 1694 1539 VI,
1719 1505 1789 1533 668.

1211 1542 1343 1571 Exhibui
1366 1545 1482 1572 tandem
1506 1545 1614 1575 literas.
1649 1547 1685 1581 V,
1713 1548 1781 1576 197.

1212 1586 1388 1623 Expatiatus
1407 1587 1462 1614 fuit
1482 1589 1513 1616 in
1536 1590 1667 1626 patriam.
1704 1590 1741 1624 V,
1762 1590 1832 1619 865.

1212 1629 1295 1657 Fecit
1318 1634 1420 1657 contra
1443 1630 1576 1668 hospitis.
1609 1631 1663 1667 IV,
1686 1633 1756 1662 705.

1212 1671 1347 1700 Gratiam
1371 1673 1422 1700 tibi
1444 1673 1547 1709 habeo,
1570 1676 1648 1711 quod
1670 1680 1825 1705 recentem.
1861 1676 1896 1712 V,
1921 1677 1994 1706 333.

1212 1713 1409 1743 Gravissimae
1435 1726 1468 1744 ac
1491 1718 1667 1747 verissimae.
1703 1719 1741 1753 V,
1762 1718 1821 1747 207
1827 1743 1833 1748 .

1211 1758 1298 1786 Hanc
1321 1759 1473 1795 epistolam
1496 1761 1616 1798 aurigae
1639 1761 1716 1791 dedi.
1750 1761 1802 1796 VI,
1827 1762 1897 1791 540.

1211 1801 1297 1829 Hanc
1319 1802 1471 1838 epistolam
1495 1805 1584 1839 equiti
1608 1808 1713 1833 vestro.
1748 1805 1785 1840 V,
1810 1805 1881 1834 378.

1211 1844 1297 1872 Hanc
1320 1854 1413 1872 meam
1435 1847 1616 1876 sententiam.
1647 1846 1892 1885 (Fragmentum.)
1926 1847 1964 1884 V,
1989 1848 2059 1878 800.

1211 1887 1284 1915 Heri
1308 1888 1385 1924 apud
1408 1897 1453 1915 me
1476 1888 1600 1917 fuerunt.
1636 1890 1672 1924 V,
1694 1891 1763 1920 795.

1211 1930 1246 1958 In
1269 1935 1411 1958 conventu
1436 1933 1617 1968 Augustano.
1647 1933 1700 1966 VI,
1725 1934 1795 1963 824.

1210 1974 1245 2001 In
1268 1974 1333 2001 Deo
1356 1982 1465 2006 sumus,
1490 1975 1622 2004 vivimus.
1654 1975 1707 2011 IV,
1732 1977 1802 2005 897.

1209 2016 1244 2044 In
1267 2021 1347 2044 tanta
1369 2016 1453 2045 mole.
1486 2017 1523 2053 V,
1548 2019 1619 2047 370.

1210 2059 1289 2087 Inter
1312 2060 1471 2097 praecipua
1494 2065 1671 2090 ornamenta.
1703 2061 1757 2096 VI,
1783 2062 1856 2091 303.

1210 2102 1389 2131 Ioachimum
1412 2103 1508 2131 iudico
1527 2104 1688 2132 honestum.
1724 2104 1793 2140 VII,
1817 2105 1888 2134 231.

1210 2146 1390 2182 Lacrymans
1412 2146 1469 2183 legi
1493 2150 1579 2174 tuam.
1614 2147 1650 2181 V,
1676 2147 1746 2176 237.

1210 2189 1313 2226 Legati
1336 2188 1559 2218 Brunsvicensis
1583 2188 1717 2218 Senatus.
1751 2190 1786 2225 V,
1811 2190 1882 2219 801.

1209 2232 1282 2269 Legi
1305 2232 1457 2259 consilium
1480 2236 1616 2260 vestrum.
1651 2232 1706 2267 III,
1730 2233 1800 2261 618.

1208 2275 1316 2312 Magno
1339 2284 1405 2303 cum
1428 2274 1528 2303 dolore
1550 2275 1617 2311 legi.
1649 2275 1685 2309 V,
1710 2276 1759 2304 73.

1208 2319 1275 2346 Mea
1297 2317 1394 2346 officia
1416 2318 1480 2345 filio
1504 2322 1562 2346 tuo.
1598 2317 1635 2352 V,
1661 2318 1730 2346 163.

1208 2361 1367 2389 Meministi
1389 2370 1435 2388 me
1459 2369 1546 2398 saepo
1569 2364 1755 2389 mctuentcm.
1790 2359 1844 2396 VI,
1868 2360 1938 2389 285.

1208 2404 1281 2432 Mihi
1304 2404 1452 2431 historiam
1477 2403 1620 2440 colloquii.
1650 2403 1703 2438 IV,
1727 2404 1797 2432 411.

1208 2446 1278 2475 Non
1301 2447 1389 2474 miror
1412 2446 1569 2474 difficilem.
1606 2445 1643 2480 V,
1668 2446 1739 2476 380.

1207 2488 1233 2517 O
1257 2489 1389 2517 acerbam
1412 2489 1650 2516 recordationem.
1686 2489 1723 2523 V,
1748 2489 1818 2517 305.

1208 2532 1234 2560 Ο
1257 2532 1356 2560 felices
1380 2532 1525 2559 ecclesias.
1559 2531 1596 2566 V,
1621 2531 1691 2560 374.

1207 2575 1367 2612 Postquam
1390 2574 1445 2602 hoc
1467 2574 1551 2602 tristi.
1585 2573 1637 2609 VI,
1659 2573 1728 2603 286.
