<?xml version="1.0" encoding="UTF-8"?>
<!DOCTYPE html PUBLIC "-//W3C//DTD XHTML 1.0 Transitional//EN"
    "http://www.w3.org/TR/xhtml1/DTD/xhtml1-transitional.dtd">
<html xmlns="http://www.w3.org/1999/xhtml" xml:lang="en" lang="en">
 <head>
  <title>
</title>
<meta http-equiv="Content-Type" content="text/html;charset=utf-8" />
  <meta name='ocr-system' content='tesseract 3.04.00' />
  <meta name='ocr-capabilities' content='ocr_page ocr_carea ocr_par ocr_line ocrx_word'/>
</head>
<body>
  <div class='ocr_page' id='page_1' title='image "./operaquaesupersu28melauoft/operaquaesupersu28melauoft_0330.png"; bbox 0 0 2299 2921; ppageno 0'>
   <div class='ocr_carea' id='block_1_1' title="bbox 138 112 182 144">
    <p class='ocr_par' dir='ltr' id='par_1_1' title="bbox 138 112 182 144">
     <span class='ocr_line' id='line_1_1' title="bbox 138 112 182 144; baseline 0 0"><span class='ocrx_word' id='word_1_1' title='bbox 138 112 182 144; x_wconf 80' lang='lat'>39</span> 
     </span>
    </p>
   </div>
   <div class='ocr_carea' id='block_1_2' title="bbox 139 206 209 236">
    <p class='ocr_par' dir='ltr' id='par_1_2' title="bbox 139 206 209 236">
     <span class='ocr_line' id='line_1_2' title="bbox 139 206 209 236; baseline 0 0"><span class='ocrx_word' id='word_1_2' title='bbox 139 206 209 236; x_wconf 84' lang='lat' dir='ltr'>Oct.</span> 
     </span>
    </p>
   </div>
   <div class='ocr_carea' id='block_1_3' title="bbox 143 551 222 580">
    <p class='ocr_par' dir='ltr' id='par_1_3' title="bbox 143 551 222 580">
     <span class='ocr_line' id='line_1_3' title="bbox 143 551 222 580; baseline 0.013 -1"><span class='ocrx_word' id='word_1_3' title='bbox 143 551 222 580; x_wconf 91' lang='lat' dir='ltr'>Nov.</span> 
     </span>
    </p>
   </div>
   <div class='ocr_carea' id='block_1_4' title="bbox 142 849 213 878">
    <p class='ocr_par' dir='ltr' id='par_1_4' title="bbox 142 849 213 878">
     <span class='ocr_line' id='line_1_4' title="bbox 142 849 213 878; baseline -0.014 0"><span class='ocrx_word' id='word_1_4' title='bbox 142 849 213 878; x_wconf 86' lang='lat' dir='ltr'>Dec.</span> 
     </span>
    </p>
   </div>
   <div class='ocr_carea' id='block_1_5' title="bbox 140 1234 202 1263">
    <p class='ocr_par' dir='ltr' id='par_1_5' title="bbox 140 1234 202 1263">
     <span class='ocr_line' id='line_1_5' title="bbox 140 1234 202 1263; baseline 0.016 -1"><span class='ocrx_word' id='word_1_5' title='bbox 140 1234 191 1262; x_wconf 91' lang='lat' dir='ltr'>Ian</span> <span class='ocrx_word' id='word_1_6' title='bbox 196 1256 202 1263; x_wconf 90' lang='lat'>.</span> 
     </span>
    </p>
   </div>
   <div class='ocr_carea' id='block_1_6' title="bbox 138 1404 224 1433">
    <p class='ocr_par' dir='ltr' id='par_1_6' title="bbox 138 1404 224 1433">
     <span class='ocr_line' id='line_1_6' title="bbox 138 1404 224 1433; baseline 0 0"><span class='ocrx_word' id='word_1_7' title='bbox 138 1404 224 1433; x_wconf 83' lang='lat' dir='ltr'>Febr.</span> 
     </span>
    </p>
   </div>
   <div class='ocr_carea' id='block_1_7' title="bbox 141 1577 227 1605">
    <p class='ocr_par' dir='ltr' id='par_1_7' title="bbox 141 1577 227 1605">
     <span class='ocr_line' id='line_1_7' title="bbox 141 1577 227 1605; baseline 0 0"><span class='ocrx_word' id='word_1_8' title='bbox 141 1577 227 1605; x_wconf 85' lang='lat' dir='ltr'>Mart.</span> 
     </span>
    </p>
   </div>
   <div class='ocr_carea' id='block_1_8' title="bbox 142 1875 234 1914">
    <p class='ocr_par' dir='ltr' id='par_1_8' title="bbox 142 1875 234 1914">
     <span class='ocr_line' id='line_1_8' title="bbox 142 1875 234 1914; baseline -0.011 -9"><span class='ocrx_word' id='word_1_9' title='bbox 142 1875 234 1914; x_wconf 88' lang='lat' dir='ltr'>April.</span> 
     </span>
    </p>
   </div>
   <div class='ocr_carea' id='block_1_9' title="bbox 145 2048 209 2077">
    <p class='ocr_par' dir='ltr' id='par_1_9' title="bbox 145 2048 209 2077">
     <span class='ocr_line' id='line_1_9' title="bbox 145 2048 209 2077; baseline 0 -1"><span class='ocrx_word' id='word_1_10' title='bbox 145 2048 209 2077; x_wconf 89' lang='lat' dir='ltr'>Iun.</span> 
     </span>
    </p>
   </div>
   <div class='ocr_carea' id='block_1_10' title="bbox 147 2219 200 2247">
    <p class='ocr_par' dir='ltr' id='par_1_10' title="bbox 147 2219 200 2247">
     <span class='ocr_line' id='line_1_10' title="bbox 147 2219 200 2247; baseline 0 0"><span class='ocrx_word' id='word_1_11' title='bbox 147 2219 200 2247; x_wconf 90' lang='lat' dir='ltr'>lul.</span> 
     </span>
    </p>
   </div>
   <div class='ocr_carea' id='block_1_11' title="bbox 149 2391 226 2427">
    <p class='ocr_par' dir='ltr' id='par_1_11' title="bbox 149 2391 226 2427">
     <span class='ocr_line' id='line_1_11' title="bbox 149 2391 226 2427; baseline 0 -10"><span class='ocrx_word' id='word_1_12' title='bbox 149 2391 226 2427; x_wconf 85' lang='lat' dir='ltr'>Aug.</span> 
     </span>
    </p>
   </div>
   <div class='ocr_carea' id='block_1_12' title="bbox 787 108 2145 146">
    <p class='ocr_par' dir='ltr' id='par_1_12' title="bbox 787 108 2145 146">
     <span class='ocr_line' id='line_1_12' title="bbox 787 108 2145 146; baseline -0.009 0"><span class='ocrx_word' id='word_1_13' title='bbox 787 113 972 146; x_wconf 84' lang='lat' dir='ltr'>PHlLlPPI</span> <span class='ocrx_word' id='word_1_14' title='bbox 994 110 1316 146; x_wconf 81' lang='lat' dir='ltr'>MELANTHONIS</span> <span class='ocrx_word' id='word_1_15' title='bbox 1339 108 1500 141; x_wconf 84' lang='lat' dir='ltr'><strong>OPERA.</strong></span> <span class='ocrx_word' id='word_1_16' title='bbox 2101 114 2145 145; x_wconf 85' lang='lat'>40</span> 
     </span>
    </p>
   </div>
   <div class='ocr_carea' id='block_1_13' title="bbox 285 207 1062 246">
    <p class='ocr_par' dir='ltr' id='par_1_13' title="bbox 285 207 1062 246">
     <span class='ocr_line' id='line_1_13' title="bbox 285 207 1062 246; baseline -0.005 -8"><span class='ocrx_word' id='word_1_17' title='bbox 285 211 313 240; x_wconf 87' lang='lat'>4.</span> <span class='ocrx_word' id='word_1_18' title='bbox 335 210 505 239; x_wconf 88' lang='lat' dir='ltr'>Melanthon</span> <span class='ocrx_word' id='word_1_19' title='bbox 525 214 553 238; x_wconf 87' lang='lat' dir='ltr'>et</span> <span class='ocrx_word' id='word_1_20' title='bbox 573 209 719 237; x_wconf 88' lang='lat' dir='ltr'>Lutherus</span> <span class='ocrx_word' id='word_1_21' title='bbox 742 208 879 246; x_wconf 87' lang='lat' dir='ltr'>Coburgo</span> <span class='ocrx_word' id='word_1_22' title='bbox 902 207 1062 236; x_wconf 84' lang='lat' dir='ltr'>discedunt.</span> 
     </span>
    </p>
   </div>
   <div class='ocr_carea' id='block_1_14' title="bbox 279 254 295 282">
    <p class='ocr_par' dir='ltr' id='par_1_14' title="bbox 279 254 295 282">
     <span class='ocr_line' id='line_1_14' title="bbox 279 254 295 282; baseline 0 0"><span class='ocrx_word' id='word_1_23' title='bbox 279 254 295 282; x_wconf 95' lang='lat'>7</span> 
     </span>
    </p>
   </div>
   <div class='ocr_carea' id='block_1_15' title="bbox 260 425 292 451">
    <p class='ocr_par' dir='ltr' id='par_1_15' title="bbox 260 425 292 451">
     <span class='ocr_line' id='line_1_15' title="bbox 260 425 292 451; baseline 0 0"><span class='ocrx_word' id='word_1_24' title='bbox 260 425 292 451; x_wconf 92' lang='lat'>11</span> 
     </span>
    </p>
   </div>
   <div class='ocr_carea' id='block_1_16' title="bbox 263 552 296 579">
    <p class='ocr_par' dir='ltr' id='par_1_16' title="bbox 263 552 296 579">
     <span class='ocr_line' id='line_1_16' title="bbox 263 552 296 579; baseline -0.03 0"><span class='ocrx_word' id='word_1_25' title='bbox 263 552 296 579; x_wconf 88' lang='lat'>11</span> 
     </span>
    </p>
   </div>
   <div class='ocr_carea' id='block_1_17' title="bbox 260 593 307 621">
    <p class='ocr_par' dir='ltr' id='par_1_17' title="bbox 260 593 307 621">
     <span class='ocr_line' id='line_1_17' title="bbox 260 593 307 621; baseline 0 0"><span class='ocrx_word' id='word_1_26' title='bbox 260 593 307 621; x_wconf 88' lang='lat'>12.</span> 
     </span>
    </p>
   </div>
   <div class='ocr_carea' id='block_1_18' title="bbox 260 679 306 749">
    <p class='ocr_par' dir='ltr' id='par_1_18' title="bbox 260 679 306 749">
     <span class='ocr_line' id='line_1_18' title="bbox 260 679 306 706; baseline 0 0"><span class='ocrx_word' id='word_1_27' title='bbox 260 679 306 706; x_wconf 87' lang='lat'>13.</span> 
     </span>
     <span class='ocr_line' id='line_1_19' title="bbox 260 721 306 749; baseline 0 -1"><span class='ocrx_word' id='word_1_28' title='bbox 260 721 306 749; x_wconf 89' lang='lat'>19.</span> 
     </span>
    </p>
   </div>
   <div class='ocr_carea' id='block_1_19' title="bbox 300 248 2146 755">
    <p class='ocr_par' dir='ltr' id='par_1_19' title="bbox 300 248 2146 417">
     <span class='ocr_line' id='line_1_20' title="bbox 300 248 2145 289; baseline -0.002 -7"><span class='ocrx_word' id='word_1_29' title='bbox 300 275 306 282; x_wconf 88' lang='lat'>.</span> <span class='ocrx_word' id='word_1_30' title='bbox 329 253 364 281; x_wconf 90' lang='lat' dir='ltr'>In</span> <span class='ocrx_word' id='word_1_31' title='bbox 385 253 510 281; x_wconf 84' lang='lat' dir='ltr'>comitiis</span> <span class='ocrx_word' id='word_1_32' title='bbox 531 254 653 289; x_wconf 83' lang='lat' dir='ltr'>August.</span> <span class='ocrx_word' id='word_1_33' title='bbox 674 252 829 286; x_wconf 83' lang='lat' dir='ltr'>Ernestus‚</span> <span class='ocrx_word' id='word_1_34' title='bbox 853 250 983 278; x_wconf 87' lang='lat' dir='ltr'>Marehio</span> <span class='ocrx_word' id='word_1_35' title='bbox 1007 249 1167 283; x_wconf 78' lang='lat' dir='ltr'>Badensis,</span> <span class='ocrx_word' id='word_1_36' title='bbox 1190 257 1297 276; x_wconf 88' lang='lat' dir='ltr'>novum</span> <span class='ocrx_word' id='word_1_37' title='bbox 1319 248 1479 285; x_wconf 83' lang='lat' dir='ltr'>periculum</span> <span class='ocrx_word' id='word_1_38' title='bbox 1499 249 1568 278; x_wconf 83' lang='lat' dir='ltr'>facit</span> <span class='ocrx_word' id='word_1_39' title='bbox 1593 249 1843 278; x_wconf 79' lang='lat' dir='ltr'>conciliandamm</span> <span class='ocrx_word' id='word_1_40' title='bbox 1873 251 2009 287; x_wconf 87' lang='lat' dir='ltr'>partium.</span> <span class='ocrx_word' id='word_1_41' title='bbox 2054 249 2145 286; x_wconf 87' lang='lat' dir='ltr'>(Scri-</span> 
     </span>
     <span class='ocr_line' id='line_1_21' title="bbox 368 290 2145 333; baseline -0.001 -10"><span class='ocrx_word' id='word_1_42' title='bbox 368 302 448 333; x_wconf 83' lang='lat' dir='ltr'>ptum</span> <span class='ocrx_word' id='word_1_43' title='bbox 472 296 507 322; x_wconf 92' lang='lat' dir='ltr'>ab</span> <span class='ocrx_word' id='word_1_44' title='bbox 530 305 564 322; x_wconf 90' lang='lat' dir='ltr'>eo</span> <span class='ocrx_word' id='word_1_45' title='bbox 592 295 728 322; x_wconf 87' lang='lat' dir='ltr'>traditum</span> <span class='ocrx_word' id='word_1_46' title='bbox 758 295 814 322; x_wconf 90' lang='lat' dir='ltr'>vid.</span> <span class='ocrx_word' id='word_1_47' title='bbox 844 293 920 329; x_wconf 85' lang='lat' dir='ltr'>apud</span> <span class='ocrx_word' id='word_1_48' title='bbox 949 292 1080 319; x_wconf 82' lang='lat' dir='ltr'>Mueller.</span> <span class='ocrx_word' id='word_1_49' title='bbox 1104 300 1132 327; x_wconf 90' lang='lat' dir='ltr'>p.</span> <span class='ocrx_word' id='word_1_50' title='bbox 1161 292 1231 319; x_wconf 86' lang='lat'>941.</span> <span class='ocrx_word' id='word_1_51' title='bbox 1258 295 1285 318; x_wconf 87' lang='lat' dir='ltr'>et</span> <span class='ocrx_word' id='word_1_52' title='bbox 1314 290 1428 319; x_wconf 90' lang='lat' dir='ltr'>Walch.</span> <span class='ocrx_word' id='word_1_53' title='bbox 1452 291 1482 319; x_wconf 88' lang='lat' dir='ltr'>in</span> <span class='ocrx_word' id='word_1_54' title='bbox 1513 301 1581 330; x_wconf 89' lang='lat' dir='ltr'>opp.</span> <span class='ocrx_word' id='word_1_55' title='bbox 1609 291 1696 320; x_wconf 81' lang='lat' dir='ltr'>Luth.</span> <span class='ocrx_word' id='word_1_56' title='bbox 1720 292 1805 321; x_wconf 91' lang='lat' dir='ltr'>XVI.</span> <span class='ocrx_word' id='word_1_57' title='bbox 1834 293 1924 322; x_wconf 82' lang='lat'>1890.</span> <span class='ocrx_word' id='word_1_58' title='bbox 1972 290 2051 327; x_wconf 86' lang='lat' dir='ltr'>Quid</span> <span class='ocrx_word' id='word_1_59' title='bbox 2073 292 2145 322; x_wconf 83' lang='lat' dir='ltr'>Dux</span> 
     </span>
     <span class='ocr_line' id='line_1_22' title="bbox 367 333 2146 373; baseline -0.001 -7"><span class='ocrx_word' id='word_1_60' title='bbox 367 336 474 366; x_wconf 87' lang='lat' dir='ltr'>Saxon.</span> <span class='ocrx_word' id='word_1_61' title='bbox 498 338 615 365; x_wconf 80' lang='lat' dir='ltr'><strong>Elector</strong></span> <span class='ocrx_word' id='word_1_62' title='bbox 638 346 671 364; x_wconf 90' lang='lat' dir='ltr'>ea</span> <span class='ocrx_word' id='word_1_63' title='bbox 694 337 729 364; x_wconf 86' lang='lat' dir='ltr'>de</span> <span class='ocrx_word' id='word_1_64' title='bbox 750 346 781 363; x_wconf 89' lang='lat' dir='ltr'>re</span> <span class='ocrx_word' id='word_1_65' title='bbox 804 336 840 363; x_wconf 88' lang='lat' dir='ltr'>ad</span> <span class='ocrx_word' id='word_1_66' title='bbox 867 335 979 371; x_wconf 82' lang='lat' dir='ltr'>legatos</span> <span class='ocrx_word' id='word_1_67' title='bbox 1007 342 1091 368; x_wconf 82' lang='lat' dir='ltr'>suos,</span> <span class='ocrx_word' id='word_1_68' title='bbox 1122 333 1171 369; x_wconf 92' lang='lat' dir='ltr'>qui</span> <span class='ocrx_word' id='word_1_69' title='bbox 1201 335 1350 370; x_wconf 77' lang='lat' dir='ltr'><strong>Augustae</strong></span> <span class='ocrx_word' id='word_1_70' title='bbox 1379 334 1472 363; x_wconf 89' lang='lat' dir='ltr'>adhuc</span> <span class='ocrx_word' id='word_1_71' title='bbox 1499 335 1702 370; x_wconf 78' lang='lat' dir='ltr'>versabantur,</span> <span class='ocrx_word' id='word_1_72' title='bbox 1732 336 1759 364; x_wconf 90' lang='lat' dir='ltr'>d.</span> <span class='ocrx_word' id='word_1_73' title='bbox 1788 336 1833 364; x_wconf 86' lang='lat'>15.</span> <span class='ocrx_word' id='word_1_74' title='bbox 1857 334 1923 364; x_wconf 88' lang='lat' dir='ltr'>Oct.</span> <span class='ocrx_word' id='word_1_75' title='bbox 1954 336 2146 373; x_wconf 77' lang='lat' dir='ltr'>rescripserit,</span> 
     </span>
     <span class='ocr_line' id='line_1_23' title="bbox 367 375 1300 417; baseline -0.005 -9"><span class='ocrx_word' id='word_1_76' title='bbox 367 381 456 408; x_wconf 86' lang='lat' dir='ltr'>habes</span> <span class='ocrx_word' id='word_1_77' title='bbox 476 380 554 417; x_wconf 89' lang='lat' dir='ltr'>apud</span> <span class='ocrx_word' id='word_1_78' title='bbox 574 379 703 407; x_wconf 84' lang='lat' dir='ltr'>Mueller.</span> <span class='ocrx_word' id='word_1_79' title='bbox 728 388 754 414; x_wconf 89' lang='lat' dir='ltr'>p.</span> <span class='ocrx_word' id='word_1_80' title='bbox 780 378 849 406; x_wconf 85' lang='lat'>948.</span> <span class='ocrx_word' id='word_1_81' title='bbox 875 381 904 404; x_wconf 88' lang='lat' dir='ltr'>et</span> <span class='ocrx_word' id='word_1_82' title='bbox 922 376 1036 404; x_wconf 81' lang='lat' dir='ltr'>Walch.</span> <span class='ocrx_word' id='word_1_83' title='bbox 1060 376 1077 403; x_wconf 92' lang='lat' dir='ltr'>l.</span> <span class='ocrx_word' id='word_1_84' title='bbox 1101 375 1119 403; x_wconf 93' lang='lat' dir='ltr'>l.</span> <span class='ocrx_word' id='word_1_85' title='bbox 1143 386 1169 413; x_wconf 90' lang='lat' dir='ltr'>p.</span> <span class='ocrx_word' id='word_1_86' title='bbox 1194 376 1300 411; x_wconf 87' lang='lat'>1894.)</span> 
     </span>
    </p>

    <p class='ocr_par' dir='ltr' id='par_1_20' title="bbox 301 418 2144 493">
     <span class='ocr_line' id='line_1_24' title="bbox 301 418 2144 459; baseline -0.001 -7"><span class='ocrx_word' id='word_1_87' title='bbox 301 446 307 452; x_wconf 94' lang='lat'>.</span> <span class='ocrx_word' id='word_1_88' title='bbox 332 422 440 452; x_wconf 87' lang='lat' dir='ltr'>Caesar</span> <span class='ocrx_word' id='word_1_89' title='bbox 461 423 492 450; x_wconf 93' lang='lat' dir='ltr'>in</span> <span class='ocrx_word' id='word_1_90' title='bbox 522 422 648 450; x_wconf 84' lang='lat' dir='ltr'>comitiis</span> <span class='ocrx_word' id='word_1_91' title='bbox 671 424 813 448; x_wconf 85' lang='lat' dir='ltr'>convocat</span> <span class='ocrx_word' id='word_1_92' title='bbox 842 419 959 456; x_wconf 87' lang='lat' dir='ltr'>Imperii</span> <span class='ocrx_word' id='word_1_93' title='bbox 979 419 1131 456; x_wconf 82' lang='lat' dir='ltr'>Principes</span> <span class='ocrx_word' id='word_1_94' title='bbox 1159 423 1186 446; x_wconf 89' lang='lat' dir='ltr'>et</span> <span class='ocrx_word' id='word_1_95' title='bbox 1212 418 1324 456; x_wconf 84' lang='lat' dir='ltr'>legatos</span> <span class='ocrx_word' id='word_1_96' title='bbox 1352 419 1389 447; x_wconf 90' lang='lat' dir='ltr'>ad</span> <span class='ocrx_word' id='word_1_97' title='bbox 1415 419 1588 448; x_wconf 88' lang='lat' dir='ltr'>audiendam</span> <span class='ocrx_word' id='word_1_98' title='bbox 1617 419 1739 449; x_wconf 84' lang='lat' dir='ltr'>formam</span> <span class='ocrx_word' id='word_1_99' title='bbox 1770 421 1896 456; x_wconf 79' lang='lat' dir='ltr'>decreti,</span> <span class='ocrx_word' id='word_1_100' title='bbox 1928 431 1987 459; x_wconf 89' lang='lat' dir='ltr'>quo</span> <span class='ocrx_word' id='word_1_101' title='bbox 2014 421 2144 450; x_wconf 83' lang='lat' dir='ltr'>finienda</span> 
     </span>
     <span class='ocr_line' id='line_1_25' title="bbox 366 465 570 493; baseline -0.015 0"><span class='ocrx_word' id='word_1_102' title='bbox 366 466 423 493; x_wconf 86' lang='lat' dir='ltr'>sint</span> <span class='ocrx_word' id='word_1_103' title='bbox 446 465 570 493; x_wconf 87' lang='lat' dir='ltr'>comitia.</span> 
     </span>
    </p>

    <p class='ocr_par' dir='ltr' id='par_1_21' title="bbox 333 504 902 541">
     <span class='ocr_line' id='line_1_26' title="bbox 333 504 902 541; baseline -0.005 -6"><span class='ocrx_word' id='word_1_104' title='bbox 333 508 400 535; x_wconf 85' lang='lat' dir='ltr'>Mel.</span> <span class='ocrx_word' id='word_1_105' title='bbox 425 517 488 536; x_wconf 86' lang='lat' dir='ltr'>cum</span> <span class='ocrx_word' id='word_1_106' title='bbox 512 506 641 534; x_wconf 88' lang='lat' dir='ltr'>Luthero</span> <span class='ocrx_word' id='word_1_107' title='bbox 665 505 742 532; x_wconf 87' lang='lat' dir='ltr'>venit</span> <span class='ocrx_word' id='word_1_108' title='bbox 764 504 902 541; x_wconf 86' lang='lat' dir='ltr'>Torgam.</span> 
     </span>
    </p>

    <p class='ocr_par' dir='ltr' id='par_1_22' title="bbox 303 545 1646 586">
     <span class='ocr_line' id='line_1_27' title="bbox 303 545 1646 586; baseline -0.001 -8"><span class='ocrx_word' id='word_1_109' title='bbox 303 572 309 578; x_wconf 92' lang='lat'>.</span> <span class='ocrx_word' id='word_1_110' title='bbox 333 549 437 586; x_wconf 85' lang='lat' dir='ltr'>Legati</span> <span class='ocrx_word' id='word_1_111' title='bbox 458 549 687 577; x_wconf 86' lang='lat' dir='ltr'>Protestantium</span> <span class='ocrx_word' id='word_1_112' title='bbox 708 548 737 574; x_wconf 91' lang='lat' dir='ltr'>iu</span> <span class='ocrx_word' id='word_1_113' title='bbox 761 547 884 575; x_wconf 88' lang='lat' dir='ltr'>comitiis</span> <span class='ocrx_word' id='word_1_114' title='bbox 907 551 1117 580; x_wconf 85' lang='lat' dir='ltr'>convocantur,</span> <span class='ocrx_word' id='word_1_115' title='bbox 1140 550 1172 573; x_wconf 84' lang='lat' dir='ltr'>ut</span> <span class='ocrx_word' id='word_1_116' title='bbox 1190 546 1309 574; x_wconf 85' lang='lat' dir='ltr'>audiant</span> <span class='ocrx_word' id='word_1_117' title='bbox 1331 546 1480 575; x_wconf 88' lang='lat' dir='ltr'>decretum</span> <span class='ocrx_word' id='word_1_118' title='bbox 1503 545 1646 576; x_wconf 80' lang='lat' dir='ltr'>Caesaris.</span> 
     </span>
    </p>

    <p class='ocr_par' dir='ltr' id='par_1_23' title="bbox 329 589 1840 629">
     <span class='ocr_line' id='line_1_28' title="bbox 329 589 1840 629; baseline 0 -10"><span class='ocrx_word' id='word_1_119' title='bbox 329 592 433 629; x_wconf 85' lang='lat' dir='ltr'>Legati</span> <span class='ocrx_word' id='word_1_120' title='bbox 456 591 682 619; x_wconf 87' lang='lat' dir='ltr'>Protestantium</span> <span class='ocrx_word' id='word_1_121' title='bbox 701 590 731 617; x_wconf 95' lang='lat' dir='ltr'>in</span> <span class='ocrx_word' id='word_1_122' title='bbox 755 590 880 618; x_wconf 84' lang='lat' dir='ltr'>comitiis</span> <span class='ocrx_word' id='word_1_123' title='bbox 903 589 1024 618; x_wconf 85' lang='lat' dir='ltr'>Caesari</span> <span class='ocrx_word' id='word_1_124' title='bbox 1047 589 1209 624; x_wconf 81' lang='lat' dir='ltr'>declarant,</span> <span class='ocrx_word' id='word_1_125' title='bbox 1232 598 1263 616; x_wconf 91' lang='lat' dir='ltr'>se</span> <span class='ocrx_word' id='word_1_126' title='bbox 1284 589 1314 616; x_wconf 91' lang='lat' dir='ltr'>in</span> <span class='ocrx_word' id='word_1_127' title='bbox 1339 589 1432 617; x_wconf 90' lang='lat' dir='ltr'>edicto</span> <span class='ocrx_word' id='word_1_128' title='bbox 1455 590 1639 627; x_wconf 78' lang='lat' dir='ltr'>acquiescere</span> <span class='ocrx_word' id='word_1_129' title='bbox 1661 599 1720 618; x_wconf 87' lang='lat' dir='ltr'>non</span> <span class='ocrx_word' id='word_1_130' title='bbox 1743 599 1840 629; x_wconf 86' lang='lat' dir='ltr'>posse.</span> 
     </span>
    </p>

    <p class='ocr_par' dir='ltr' id='par_1_24' title="bbox 333 631 1299 669">
     <span class='ocr_line' id='line_1_29' title="bbox 333 631 1299 669; baseline -0.004 -7"><span class='ocrx_word' id='word_1_131' title='bbox 333 635 399 662; x_wconf 89' lang='lat' dir='ltr'>Mel.</span> <span class='ocrx_word' id='word_1_132' title='bbox 425 639 501 662; x_wconf 89' lang='lat' dir='ltr'>totus</span> <span class='ocrx_word' id='word_1_133' title='bbox 526 638 568 661; x_wconf 91' lang='lat' dir='ltr'>est</span> <span class='ocrx_word' id='word_1_134' title='bbox 591 634 620 661; x_wconf 92' lang='lat' dir='ltr'>in</span> <span class='ocrx_word' id='word_1_135' title='bbox 644 633 814 661; x_wconf 85' lang='lat' dir='ltr'>adornanda</span> <span class='ocrx_word' id='word_1_136' title='bbox 836 632 972 669; x_wconf 82' lang='lat' dir='ltr'>apologia</span> <span class='ocrx_word' id='word_1_137' title='bbox 995 634 1071 668; x_wconf 85' lang='lat' dir='ltr'>Aug.</span> <span class='ocrx_word' id='word_1_138' title='bbox 1096 631 1299 659; x_wconf 88' lang='lat' dir='ltr'>confessionis.</span> 
     </span>
    </p>

    <p class='ocr_par' dir='ltr' id='par_1_25' title="bbox 330 674 1636 714">
     <span class='ocr_line' id='line_1_30' title="bbox 330 674 1636 714; baseline -0.001 -10"><span class='ocrx_word' id='word_1_139' title='bbox 330 676 433 714; x_wconf 85' lang='lat' dir='ltr'>Legati</span> <span class='ocrx_word' id='word_1_140' title='bbox 456 675 614 710; x_wconf 78' lang='lat' dir='ltr'>saxonici,</span> <span class='ocrx_word' id='word_1_141' title='bbox 638 675 776 704; x_wconf 87' lang='lat' dir='ltr'>Hassiaci</span> <span class='ocrx_word' id='word_1_142' title='bbox 801 679 829 702; x_wconf 85' lang='lat' dir='ltr'>et</span> <span class='ocrx_word' id='word_1_143' title='bbox 851 675 901 702; x_wconf 90' lang='lat' dir='ltr'>alii</span> <span class='ocrx_word' id='word_1_144' title='bbox 924 675 1151 702; x_wconf 79' lang='lat' dir='ltr'>Protestantium</span> <span class='ocrx_word' id='word_1_145' title='bbox 1176 674 1311 711; x_wconf 86' lang='lat' dir='ltr'>Augusta</span> <span class='ocrx_word' id='word_1_146' title='bbox 1333 674 1489 702; x_wconf 87' lang='lat' dir='ltr'>discedunt</span> <span class='ocrx_word' id='word_1_147' title='bbox 1510 675 1636 703; x_wconf 88' lang='lat' dir='ltr'>domum.</span> 
     </span>
    </p>

    <p class='ocr_par' dir='ltr' id='par_1_26' title="bbox 331 717 1253 755">
     <span class='ocr_line' id='line_1_31' title="bbox 331 717 1253 755; baseline -0.003 -8"><span class='ocrx_word' id='word_1_148' title='bbox 331 719 488 747; x_wconf 88' lang='lat' dir='ltr'>Decretum</span> <span class='ocrx_word' id='word_1_149' title='bbox 511 718 658 751; x_wconf 72' lang='lat' dir='ltr'>Caesaris.</span> <span class='ocrx_word' id='word_1_150' title='bbox 684 728 740 755; x_wconf 89' lang='lat' dir='ltr'>quo</span> <span class='ocrx_word' id='word_1_151' title='bbox 765 718 882 746; x_wconf 91' lang='lat' dir='ltr'>comitia</span> <span class='ocrx_word' id='word_1_152' title='bbox 902 718 1056 752; x_wconf 79' lang='lat' dir='ltr'>finiuntur,</span> <span class='ocrx_word' id='word_1_153' title='bbox 1080 717 1253 754; x_wconf 86' lang='lat' dir='ltr'>publicatur.</span> 
     </span>
    </p>
   </div>
   <div class='ocr_carea' id='block_1_20' title="bbox 256 761 2148 2459">
    <p class='ocr_par' dir='ltr' id='par_1_27' title="bbox 258 761 748 798">
     <span class='ocr_line' id='line_1_32' title="bbox 258 761 748 798; baseline -0.004 -8"><span class='ocrx_word' id='word_1_154' title='bbox 258 763 306 792; x_wconf 84' lang='lat'>24.</span> <span class='ocrx_word' id='word_1_155' title='bbox 330 761 438 790; x_wconf 87' lang='lat' dir='ltr'>Caesar</span> <span class='ocrx_word' id='word_1_156' title='bbox 461 763 596 798; x_wconf 82' lang='lat' dir='ltr'>Augusta</span> <span class='ocrx_word' id='word_1_157' title='bbox 618 761 748 789; x_wconf 81' lang='lat' dir='ltr'>discedit.</span> 
     </span>
    </p>

    <p class='ocr_par' dir='ltr' id='par_1_28' title="bbox 331 801 1773 842">
     <span class='ocr_line' id='line_1_33' title="bbox 331 801 1773 842; baseline -0.001 -10"><span class='ocrx_word' id='word_1_158' title='bbox 331 806 463 833; x_wconf 86' lang='lat' dir='ltr'>Exeunte</span> <span class='ocrx_word' id='word_1_159' title='bbox 486 804 562 832; x_wconf 86' lang='lat' dir='ltr'>Nov.</span> <span class='ocrx_word' id='word_1_160' title='bbox 587 804 681 842; x_wconf 86' lang='lat' dir='ltr'>prima</span> <span class='ocrx_word' id='word_1_161' title='bbox 703 805 894 840; x_wconf 87' lang='lat' dir='ltr'>Augustanae</span> <span class='ocrx_word' id='word_1_162' title='bbox 917 802 1107 830; x_wconf 86' lang='lat' dir='ltr'>confessionis</span> <span class='ocrx_word' id='word_1_163' title='bbox 1130 802 1217 830; x_wconf 90' lang='lat' dir='ltr'>editio</span> <span class='ocrx_word' id='word_1_164' title='bbox 1240 801 1417 838; x_wconf 85' lang='lat' dir='ltr'>Vitebergae</span> <span class='ocrx_word' id='word_1_165' title='bbox 1439 810 1546 830; x_wconf 84' lang='lat' dir='ltr'>excusa</span> <span class='ocrx_word' id='word_1_166' title='bbox 1568 810 1631 830; x_wconf 84' lang='lat' dir='ltr'>esse</span> <span class='ocrx_word' id='word_1_167' title='bbox 1653 802 1773 830; x_wconf 86' lang='lat' dir='ltr'>videtur.</span> 
     </span>
    </p>

    <p class='ocr_par' dir='ltr' id='par_1_29' title="bbox 257 844 1608 884">
     <span class='ocr_line' id='line_1_34' title="bbox 257 844 1608 884; baseline -0.003 -9"><span class='ocrx_word' id='word_1_168' title='bbox 257 848 304 876; x_wconf 90' lang='lat'>12.</span> <span class='ocrx_word' id='word_1_169' title='bbox 329 848 395 876; x_wconf 84' lang='lat' dir='ltr'>Mel.</span> <span class='ocrx_word' id='word_1_170' title='bbox 420 847 561 884; x_wconf 84' lang='lat' dir='ltr'>quaedam</span> <span class='ocrx_word' id='word_1_171' title='bbox 582 848 617 875; x_wconf 91' lang='lat' dir='ltr'>de</span> <span class='ocrx_word' id='word_1_172' title='bbox 640 847 781 874; x_wconf 82' lang='lat' dir='ltr'>electione</span> <span class='ocrx_word' id='word_1_173' title='bbox 804 846 894 882; x_wconf 88' lang='lat' dir='ltr'>Regis</span> <span class='ocrx_word' id='word_1_174' title='bbox 917 845 1042 873; x_wconf 85' lang='lat' dir='ltr'>Romani</span> <span class='ocrx_word' id='word_1_175' title='bbox 1065 845 1165 873; x_wconf 88' lang='lat' dir='ltr'>scribit</span> <span class='ocrx_word' id='word_1_176' title='bbox 1186 846 1217 872; x_wconf 92' lang='lat' dir='ltr'>in</span> <span class='ocrx_word' id='word_1_177' title='bbox 1240 854 1324 873; x_wconf 90' lang='lat' dir='ltr'>usum</span> <span class='ocrx_word' id='word_1_178' title='bbox 1349 844 1493 881; x_wconf 83' lang='lat' dir='ltr'>Principis</span> <span class='ocrx_word' id='word_1_179' title='bbox 1516 844 1608 872; x_wconf 87' lang='lat' dir='ltr'>Elect.</span> 
     </span>
    </p>

    <p class='ocr_par' dir='ltr' id='par_1_30' title="bbox 256 886 1561 925">
     <span class='ocr_line' id='line_1_35' title="bbox 256 886 1561 925; baseline -0.003 -7"><span class='ocrx_word' id='word_1_180' title='bbox 256 891 304 919; x_wconf 82' lang='lat'>22.</span> <span class='ocrx_word' id='word_1_181' title='bbox 330 889 498 918; x_wconf 81' lang='lat' dir='ltr'>Conventus</span> <span class='ocrx_word' id='word_1_182' title='bbox 521 890 750 918; x_wconf 86' lang='lat' dir='ltr'>Protestantium</span> <span class='ocrx_word' id='word_1_183' title='bbox 772 887 1003 916; x_wconf 86' lang='lat' dir='ltr'>Schmalcaldiae</span> <span class='ocrx_word' id='word_1_184' title='bbox 1023 893 1142 925; x_wconf 88' lang='lat' dir='ltr'>propter</span> <span class='ocrx_word' id='word_1_185' title='bbox 1165 888 1338 915; x_wconf 82' lang='lat' dir='ltr'>electionem</span> <span class='ocrx_word' id='word_1_186' title='bbox 1363 886 1451 924; x_wconf 82' lang='lat' dir='ltr'>Regis</span> <span class='ocrx_word' id='word_1_187' title='bbox 1475 886 1561 914; x_wconf 83' lang='lat' dir='ltr'>Rom.</span> 
     </span>
    </p>

    <p class='ocr_par' dir='ltr' id='par_1_31' title="bbox 257 929 1392 967">
     <span class='ocr_line' id='line_1_36' title="bbox 257 929 1392 967; baseline -0.004 -6"><span class='ocrx_word' id='word_1_188' title='bbox 257 934 305 962; x_wconf 88' lang='lat'>29.</span> <span class='ocrx_word' id='word_1_189' title='bbox 330 933 544 967; x_wconf 76' lang='lat' dir='ltr'>Ferdinandus‚</span> <span class='ocrx_word' id='word_1_190' title='bbox 568 932 655 960; x_wconf 85' lang='lat' dir='ltr'>frater</span> <span class='ocrx_word' id='word_1_191' title='bbox 677 931 822 966; x_wconf 84' lang='lat' dir='ltr'>Caesaris,</span> <span class='ocrx_word' id='word_1_192' title='bbox 845 929 987 958; x_wconf 87' lang='lat' dir='ltr'>Coloniae</span> <span class='ocrx_word' id='word_1_193' title='bbox 1008 930 1124 967; x_wconf 88' lang='lat' dir='ltr'>eligitur</span> <span class='ocrx_word' id='word_1_194' title='bbox 1146 930 1211 958; x_wconf 77' lang='lat' dir='ltr'>Rex</span> <span class='ocrx_word' id='word_1_195' title='bbox 1234 929 1392 958; x_wconf 88' lang='lat' dir='ltr'>Romanus.</span> 
     </span>
    </p>

    <p class='ocr_par' dir='ltr' id='par_1_32' title="bbox 280 970 2145 1351">
     <span class='ocr_line' id='line_1_37' title="bbox 330 970 1871 1010; baseline -0.003 -6"><span class='ocrx_word' id='word_1_196' title='bbox 330 976 397 1004; x_wconf 89' lang='lat' dir='ltr'>Hoc</span> <span class='ocrx_word' id='word_1_197' title='bbox 420 985 496 1003; x_wconf 88' lang='lat' dir='ltr'>anno</span> <span class='ocrx_word' id='word_1_198' title='bbox 519 975 589 1004; x_wconf 84' lang='lat' dir='ltr'>Mel.</span> <span class='ocrx_word' id='word_1_199' title='bbox 612 975 702 1002; x_wconf 90' lang='lat' dir='ltr'>edidit</span> <span class='ocrx_word' id='word_1_200' title='bbox 724 974 947 1002; x_wconf 83' lang='lat' dir='ltr'>commentarios</span> <span class='ocrx_word' id='word_1_201' title='bbox 969 974 999 1001; x_wconf 89' lang='lat' dir='ltr'>in</span> <span class='ocrx_word' id='word_1_202' title='bbox 1023 973 1134 1010; x_wconf 89' lang='lat' dir='ltr'>aliquot</span> <span class='ocrx_word' id='word_1_203' title='bbox 1156 973 1246 1001; x_wconf 90' lang='lat' dir='ltr'>libros</span> <span class='ocrx_word' id='word_1_204' title='bbox 1270 972 1453 1007; x_wconf 81' lang='lat' dir='ltr'>Aristotelis,</span> <span class='ocrx_word' id='word_1_205' title='bbox 1477 971 1580 1001; x_wconf 89' lang='lat' dir='ltr'>Ulrico</span> <span class='ocrx_word' id='word_1_206' title='bbox 1602 970 1727 1009; x_wconf 86' lang='lat' dir='ltr'>Sillingo</span> <span class='ocrx_word' id='word_1_207' title='bbox 1749 972 1871 1000; x_wconf 88' lang='lat' dir='ltr'>dicatos.</span> 
     </span>
     <span class='ocr_line' id='line_1_38' title="bbox 329 1015 1359 1055; baseline -0.004 -8"><span class='ocrx_word' id='word_1_208' title='bbox 329 1019 483 1047; x_wconf 80' lang='lat' dir='ltr'>Praefatur</span> <span class='ocrx_word' id='word_1_209' title='bbox 506 1020 535 1046; x_wconf 88' lang='lat' dir='ltr'>in</span> <span class='ocrx_word' id='word_1_210' title='bbox 558 1018 773 1055; x_wconf 71' lang='lat' dir='ltr'>propositiones</span> <span class='ocrx_word' id='word_1_211' title='bbox 794 1027 811 1044; x_wconf 89' lang='lat' dir='ltr'>a.</span> <span class='ocrx_word' id='word_1_212' title='bbox 835 1017 872 1044; x_wconf 91' lang='lat' dir='ltr'>M.</span> <span class='ocrx_word' id='word_1_213' title='bbox 896 1015 1025 1044; x_wconf 88' lang='lat' dir='ltr'>Luthero</span> <span class='ocrx_word' id='word_1_214' title='bbox 1049 1016 1171 1044; x_wconf 86' lang='lat' dir='ltr'>subinde</span> <span class='ocrx_word' id='word_1_215' title='bbox 1191 1016 1359 1053; x_wconf 83' lang='lat' dir='ltr'>disputatas.</span> 
     </span>
     <span class='ocr_line' id='line_1_39' title="bbox 332 1060 976 1097; baseline -0.006 -7"><span class='ocrx_word' id='word_1_216' title='bbox 332 1060 439 1090; x_wconf 88' lang='lat' dir='ltr'>Scribit</span> <span class='ocrx_word' id='word_1_217' title='bbox 461 1061 616 1091; x_wconf 86' lang='lat' dir='ltr'>discendae</span> <span class='ocrx_word' id='word_1_218' title='bbox 636 1060 801 1097; x_wconf 85' lang='lat' dir='ltr'>theologiae</span> <span class='ocrx_word' id='word_1_219' title='bbox 823 1060 976 1087; x_wconf 78' lang='lat' dir='ltr'>rationem.</span> 
     </span>
     <span class='ocr_line' id='line_1_40' title="bbox 982 1158 1305 1190; baseline -0.006 0"><span class='ocrx_word' id='word_1_220' title='bbox 982 1159 1011 1190; x_wconf 90' lang='lat' dir='ltr'><strong>A</strong></span> <span class='ocrx_word' id='word_1_221' title='bbox 1023 1159 1054 1190; x_wconf 90' lang='lat' dir='ltr'>N</span> <span class='ocrx_word' id='word_1_222' title='bbox 1064 1159 1094 1189; x_wconf 93' lang='lat' dir='ltr'>N</span> <span class='ocrx_word' id='word_1_223' title='bbox 1107 1159 1135 1189; x_wconf 94' lang='grc' dir='ltr'><strong>Ο</strong></span> <span class='ocrx_word' id='word_1_224' title='bbox 1180 1159 1195 1188; x_wconf 86' lang='lat' dir='ltr'>l</span> <span class='ocrx_word' id='word_1_225' title='bbox 1209 1159 1229 1188; x_wconf 83' lang='lat'>5</span> <span class='ocrx_word' id='word_1_226' title='bbox 1242 1158 1262 1188; x_wconf 89' lang='grc'><strong><em>3</em></strong></span> <span class='ocrx_word' id='word_1_227' title='bbox 1276 1159 1305 1188; x_wconf 87' lang='lat' dir='ltr'>l.</span> 
     </span>
     <span class='ocr_line' id='line_1_41' title="bbox 280 1226 2145 1268; baseline -0.004 -7"><span class='ocrx_word' id='word_1_228' title='bbox 280 1235 306 1262; x_wconf 88' lang='lat'>1.</span> <span class='ocrx_word' id='word_1_229' title='bbox 330 1232 500 1260; x_wconf 86' lang='lat' dir='ltr'>Melanthon</span> <span class='ocrx_word' id='word_1_230' title='bbox 524 1231 689 1268; x_wconf 89' lang='lat' dir='ltr'>Prmcipem</span> <span class='ocrx_word' id='word_1_231' title='bbox 711 1230 875 1258; x_wconf 83' lang='lat' dir='ltr'>Electorem</span> <span class='ocrx_word' id='word_1_232' title='bbox 908 1238 967 1257; x_wconf 91' lang='lat' dir='ltr'>non</span> <span class='ocrx_word' id='word_1_233' title='bbox 995 1229 1120 1265; x_wconf 88' lang='lat' dir='ltr'>amplius</span> <span class='ocrx_word' id='word_1_234' title='bbox 1148 1228 1332 1262; x_wconf 80' lang='lat' dir='ltr'>dehortatur,</span> <span class='ocrx_word' id='word_1_235' title='bbox 1359 1236 1396 1254; x_wconf 84' lang='lat' dir='ltr'>ne</span> <span class='ocrx_word' id='word_1_236' title='bbox 1424 1227 1512 1255; x_wconf 83' lang='lat' dir='ltr'>armis</span> <span class='ocrx_word' id='word_1_237' title='bbox 1541 1226 1676 1254; x_wconf 89' lang='lat' dir='ltr'>defendat</span> <span class='ocrx_word' id='word_1_238' title='bbox 1704 1235 1821 1254; x_wconf 87' lang='lat' dir='ltr'>cansam</span> <span class='ocrx_word' id='word_1_239' title='bbox 1851 1226 2015 1263; x_wconf 87' lang='lat' dir='ltr'>Evangelii.</span> <span class='ocrx_word' id='word_1_240' title='bbox 2061 1226 2145 1263; x_wconf 87' lang='lat' dir='ltr'>(Vid.</span> 
     </span>
     <span class='ocr_line' id='line_1_42' title="bbox 365 1271 1002 1311; baseline -0.003 -9"><span class='ocrx_word' id='word_1_241' title='bbox 365 1276 451 1302; x_wconf 87' lang='lat' dir='ltr'>etiam</span> <span class='ocrx_word' id='word_1_242' title='bbox 476 1284 520 1311; x_wconf 83' lang='lat' dir='ltr'>ep.</span> <span class='ocrx_word' id='word_1_243' title='bbox 544 1274 580 1302; x_wconf 91' lang='lat' dir='ltr'>ad</span> <span class='ocrx_word' id='word_1_244' title='bbox 604 1272 803 1308; x_wconf 32' lang='lat' dir='ltr'>Camerar.-d.</span> <span class='ocrx_word' id='word_1_245' title='bbox 833 1273 878 1299; x_wconf 84' lang='grc'>15.</span> <span class='ocrx_word' id='word_1_246' title='bbox 903 1271 1002 1307; x_wconf 86' lang='lat' dir='ltr'>Febr.)</span> 
     </span>
     <span class='ocr_line' id='line_1_43' title="bbox 329 1312 1340 1351; baseline -0.006 -6"><span class='ocrx_word' id='word_1_247' title='bbox 329 1318 453 1345; x_wconf 89' lang='lat' dir='ltr'>Multum</span> <span class='ocrx_word' id='word_1_248' title='bbox 474 1317 582 1345; x_wconf 84' lang='lat' dir='ltr'>laboris</span> <span class='ocrx_word' id='word_1_249' title='bbox 601 1317 723 1344; x_wconf 89' lang='lat' dir='ltr'>sustinet</span> <span class='ocrx_word' id='word_1_250' title='bbox 744 1316 772 1343; x_wconf 90' lang='lat' dir='ltr'>in</span> <span class='ocrx_word' id='word_1_251' title='bbox 797 1314 935 1351; x_wconf 82' lang='lat' dir='ltr'>apologia</span> <span class='ocrx_word' id='word_1_252' title='bbox 957 1315 1035 1351; x_wconf 86' lang='lat' dir='ltr'>Aug.</span> <span class='ocrx_word' id='word_1_253' title='bbox 1055 1312 1139 1341; x_wconf 84' lang='lat' dir='ltr'>Conf.</span> <span class='ocrx_word' id='word_1_254' title='bbox 1163 1312 1340 1340; x_wconf 87' lang='lat' dir='ltr'>adornanda.</span> 
     </span>
    </p>

    <p class='ocr_par' dir='ltr' id='par_1_33' title="bbox 257 1352 1992 1389">
     <span class='ocr_line' id='line_1_44' title="bbox 257 1352 1992 1389; baseline -0.005 0"><span class='ocrx_word' id='word_1_255' title='bbox 257 1360 305 1389; x_wconf 84' lang='lat'>22.</span> <span class='ocrx_word' id='word_1_256' title='bbox 330 1360 416 1388; x_wconf 80' lang='lat' dir='ltr'>Febri</span> <span class='ocrx_word' id='word_1_257' title='bbox 437 1360 561 1388; x_wconf 89' lang='lat' dir='ltr'>laborat.</span> <span class='ocrx_word' id='word_1_258' title='bbox 587 1377 626 1380; x_wconf 72' lang='lat'>-—</span> <span class='ocrx_word' id='word_1_259' title='bbox 651 1359 765 1386; x_wconf 80' lang='lat' dir='ltr'>Bucero</span> <span class='ocrx_word' id='word_1_260' title='bbox 788 1357 887 1386; x_wconf 83' lang='lat' dir='ltr'>scribit</span> <span class='ocrx_word' id='word_1_261' title='bbox 911 1357 946 1384; x_wconf 91' lang='lat' dir='ltr'>de</span> <span class='ocrx_word' id='word_1_262' title='bbox 971 1365 1062 1385; x_wconf 81' lang='lat' dir='ltr'>coena</span> <span class='ocrx_word' id='word_1_263' title='bbox 1084 1365 1176 1383; x_wconf 84' lang='lat' dir='ltr'>sacra.</span> <span class='ocrx_word' id='word_1_264' title='bbox 1200 1372 1242 1376; x_wconf 85' lang='lat'>——</span> <span class='ocrx_word' id='word_1_265' title='bbox 1260 1354 1406 1382; x_wconf 91' lang='lat' dir='ltr'>Lutherus</span> <span class='ocrx_word' id='word_1_266' title='bbox 1425 1354 1531 1381; x_wconf 92' lang='lat' dir='ltr'>Buceri</span> <span class='ocrx_word' id='word_1_267' title='bbox 1554 1353 1715 1381; x_wconf 84' lang='lat' dir='ltr'>sententiae</span> <span class='ocrx_word' id='word_1_268' title='bbox 1739 1362 1800 1381; x_wconf 89' lang='lat' dir='ltr'>nou</span> <span class='ocrx_word' id='word_1_269' title='bbox 1823 1352 1992 1381; x_wconf 84' lang='lat' dir='ltr'>adsentitur.</span> 
     </span>
    </p>

    <p class='ocr_par' dir='ltr' id='par_1_34' title="bbox 261 1393 2148 1526">
     <span class='ocr_line' id='line_1_45' title="bbox 261 1393 2147 1438; baseline -0.005 -6"><span class='ocrx_word' id='word_1_270' title='bbox 261 1405 308 1432; x_wconf 87' lang='grc'>16.</span> <span class='ocrx_word' id='word_1_271' title='bbox 330 1403 398 1431; x_wconf 91' lang='lat' dir='ltr'>Mel.</span> <span class='ocrx_word' id='word_1_272' title='bbox 424 1403 583 1431; x_wconf 85' lang='lat' dir='ltr'>Ordinibus</span> <span class='ocrx_word' id='word_1_273' title='bbox 603 1402 721 1438; x_wconf 90' lang='lat' dir='ltr'>Imperii</span> <span class='ocrx_word' id='word_1_274' title='bbox 746 1399 981 1428; x_wconf 86' lang='lat' dir='ltr'>Protestantibus</span> <span class='ocrx_word' id='word_1_275' title='bbox 1005 1398 1159 1427; x_wconf 84' lang='lat' dir='ltr'>conscribit</span> <span class='ocrx_word' id='word_1_276' title='bbox 1184 1397 1322 1435; x_wconf 84' lang='lat' dir='ltr'>epistolas</span> <span class='ocrx_word' id='word_1_277' title='bbox 1346 1397 1383 1425; x_wconf 88' lang='lat' dir='ltr'>ad</span> <span class='ocrx_word' id='word_1_278' title='bbox 1405 1406 1504 1434; x_wconf 86' lang='lat' dir='ltr'>regem</span> <span class='ocrx_word' id='word_1_279' title='bbox 1527 1397 1652 1433; x_wconf 81' lang='lat' dir='ltr'>Angliae</span> <span class='ocrx_word' id='word_1_280' title='bbox 1676 1400 1704 1424; x_wconf 88' lang='lat' dir='ltr'>et</span> <span class='ocrx_word' id='word_1_281' title='bbox 1726 1405 1825 1433; x_wconf 86' lang='lat' dir='ltr'>regem</span> <span class='ocrx_word' id='word_1_282' title='bbox 1848 1393 1979 1431; x_wconf 87' lang='lat' dir='ltr'>Galliae,</span> <span class='ocrx_word' id='word_1_283' title='bbox 2007 1397 2057 1433; x_wconf 87' lang='lat' dir='ltr'>qui</span> <span class='ocrx_word' id='word_1_284' title='bbox 2086 1405 2147 1424; x_wconf 90' lang='lat' dir='ltr'>mo-</span> 
     </span>
     <span class='ocr_line' id='line_1_46' title="bbox 363 1438 2148 1482; baseline -0.004 -8"><span class='ocrx_word' id='word_1_285' title='bbox 363 1450 479 1481; x_wconf 85' lang='lat' dir='ltr'>nentur,</span> <span class='ocrx_word' id='word_1_286' title='bbox 503 1455 539 1473; x_wconf 89' lang='lat' dir='ltr'>ne</span> <span class='ocrx_word' id='word_1_287' title='bbox 561 1455 591 1474; x_wconf 84' lang='lat' dir='ltr'>se</span> <span class='ocrx_word' id='word_1_288' title='bbox 614 1444 737 1482; x_wconf 86' lang='lat' dir='ltr'>perpelli</span> <span class='ocrx_word' id='word_1_289' title='bbox 759 1443 907 1481; x_wconf 89' lang='lat' dir='ltr'>patiantur</span> <span class='ocrx_word' id='word_1_290' title='bbox 930 1447 961 1470; x_wconf 88' lang='lat' dir='ltr'>ut</span> <span class='ocrx_word' id='word_1_291' title='bbox 983 1451 1066 1470; x_wconf 87' lang='lat' dir='ltr'>arma</span> <span class='ocrx_word' id='word_1_292' title='bbox 1088 1442 1204 1478; x_wconf 88' lang='lat' dir='ltr'>capiant</span> <span class='ocrx_word' id='word_1_293' title='bbox 1232 1446 1334 1468; x_wconf 88' lang='lat' dir='ltr'>contra</span> <span class='ocrx_word' id='word_1_294' title='bbox 1362 1440 1563 1468; x_wconf 85' lang='lat' dir='ltr'>Protestantes</span> <span class='ocrx_word' id='word_1_295' title='bbox 1593 1440 1675 1477; x_wconf 90' lang='lat' dir='ltr'>prius</span> <span class='ocrx_word' id='word_1_296' title='bbox 1698 1449 1784 1476; x_wconf 90' lang='lat' dir='ltr'>quam</span> <span class='ocrx_word' id='word_1_297' title='bbox 1812 1448 1859 1467; x_wconf 83' lang='lat' dir='ltr'>res</span> <span class='ocrx_word' id='word_1_298' title='bbox 1885 1439 1916 1466; x_wconf 91' lang='lat' dir='ltr'>in</span> <span class='ocrx_word' id='word_1_299' title='bbox 1945 1438 2064 1477; x_wconf 88' lang='lat' dir='ltr'>Synodo</span> <span class='ocrx_word' id='word_1_300' title='bbox 2092 1439 2148 1467; x_wconf 88' lang='lat' dir='ltr'>rite</span> 
     </span>
     <span class='ocr_line' id='line_1_47' title="bbox 363 1488 595 1526; baseline -0.004 -9"><span class='ocrx_word' id='word_1_301' title='bbox 363 1489 479 1526; x_wconf 86' lang='lat' dir='ltr'>cognita</span> <span class='ocrx_word' id='word_1_302' title='bbox 500 1488 595 1516; x_wconf 83' lang='lat' dir='ltr'>fuerit.</span> 
     </span>
    </p>

    <p class='ocr_par' dir='ltr' id='par_1_35' title="bbox 332 1525 1582 1565">
     <span class='ocr_line' id='line_1_48' title="bbox 332 1525 1582 1565; baseline -0.006 -5"><span class='ocrx_word' id='word_1_303' title='bbox 332 1530 411 1561; x_wconf 86' lang='lat' dir='ltr'>Guil.</span> <span class='ocrx_word' id='word_1_304' title='bbox 430 1531 652 1560; x_wconf 87' lang='lat' dir='ltr'>Reiffensteinio</span> <span class='ocrx_word' id='word_1_305' title='bbox 675 1529 751 1557; x_wconf 89' lang='lat' dir='ltr'>dicat</span> <span class='ocrx_word' id='word_1_306' title='bbox 775 1528 944 1565; x_wconf 81' lang='lat' dir='ltr'>„Linacri</span> <span class='ocrx_word' id='word_1_307' title='bbox 966 1527 1057 1555; x_wconf 90' lang='lat' dir='ltr'>libros</span> <span class='ocrx_word' id='word_1_308' title='bbox 1080 1527 1116 1554; x_wconf 89' lang='lat' dir='ltr'>de</span> <span class='ocrx_word' id='word_1_309' title='bbox 1138 1531 1282 1554; x_wconf 88' lang='lat' dir='ltr'>structura</span> <span class='ocrx_word' id='word_1_310' title='bbox 1303 1525 1387 1553; x_wconf 89' lang='lat' dir='ltr'>latini</span> <span class='ocrx_word' id='word_1_311' title='bbox 1409 1525 1582 1553; x_wconf 85' lang='lat' dir='ltr'>sermonis“.</span> 
     </span>
    </p>

    <p class='ocr_par' dir='ltr' id='par_1_36' title="bbox 278 1567 1640 1655">
     <span class='ocr_line' id='line_1_49' title="bbox 333 1567 1640 1609; baseline -0.007 -6"><span class='ocrx_word' id='word_1_312' title='bbox 333 1575 454 1603; x_wconf 83' lang='lat' dir='ltr'>Ineunte</span> <span class='ocrx_word' id='word_1_313' title='bbox 474 1574 580 1602; x_wconf 86' lang='lat' dir='ltr'>Martio</span> <span class='ocrx_word' id='word_1_314' title='bbox 602 1573 707 1601; x_wconf 84' lang='lat' dir='ltr'>retexit</span> <span class='ocrx_word' id='word_1_315' title='bbox 730 1571 896 1609; x_wconf 84' lang='lat' dir='ltr'>apologiam</span> <span class='ocrx_word' id='word_1_316' title='bbox 919 1575 952 1599; x_wconf 89' lang='lat' dir='ltr'>ut</span> <span class='ocrx_word' id='word_1_317' title='bbox 975 1571 1076 1598; x_wconf 84' lang='lat' dir='ltr'>edatur</span> <span class='ocrx_word' id='word_1_318' title='bbox 1098 1569 1186 1606; x_wconf 88' lang='lat' dir='ltr'>louge</span> <span class='ocrx_word' id='word_1_319' title='bbox 1209 1569 1320 1596; x_wconf 86' lang='lat' dir='ltr'>auctior</span> <span class='ocrx_word' id='word_1_320' title='bbox 1344 1573 1371 1595; x_wconf 90' lang='lat' dir='ltr'>et</span> <span class='ocrx_word' id='word_1_321' title='bbox 1393 1567 1496 1596; x_wconf 87' lang='lat' dir='ltr'>melius</span> <span class='ocrx_word' id='word_1_322' title='bbox 1519 1567 1640 1595; x_wconf 89' lang='lat' dir='ltr'>munita.</span> 
     </span>
     <span class='ocr_line' id='line_1_50' title="bbox 278 1611 1571 1655; baseline -0.008 -8"><span class='ocrx_word' id='word_1_323' title='bbox 278 1620 307 1647; x_wconf 89' lang='grc'>7.</span> <span class='ocrx_word' id='word_1_324' title='bbox 331 1617 478 1655; x_wconf 85' lang='lat' dir='ltr'>Apologia</span> <span class='ocrx_word' id='word_1_325' title='bbox 500 1617 627 1645; x_wconf 88' lang='lat' dir='ltr'>nondum</span> <span class='ocrx_word' id='word_1_326' title='bbox 651 1620 695 1643; x_wconf 88' lang='lat' dir='ltr'>est</span> <span class='ocrx_word' id='word_1_327' title='bbox 719 1615 861 1643; x_wconf 88' lang='lat' dir='ltr'>absoluta.</span> <span class='ocrx_word' id='word_1_328' title='bbox 910 1612 1041 1650; x_wconf 87' lang='lat' dir='ltr'>„Crescit</span> <span class='ocrx_word' id='word_1_329' title='bbox 1065 1613 1141 1640; x_wconf 90' lang='lat' dir='ltr'>enim</span> <span class='ocrx_word' id='word_1_330' title='bbox 1165 1621 1237 1649; x_wconf 86' lang='lat' dir='ltr'>opus</span> <span class='ocrx_word' id='word_1_331' title='bbox 1260 1612 1335 1639; x_wconf 89' lang='lat' dir='ltr'>inter</span> <span class='ocrx_word' id='word_1_332' title='bbox 1357 1611 1571 1639; x_wconf 85' lang='lat' dir='ltr'>scribendum.“</span> 
     </span>
    </p>

    <p class='ocr_par' dir='ltr' id='par_1_37' title="bbox 331 1652 1665 1694">
     <span class='ocr_line' id='line_1_51' title="bbox 331 1652 1665 1694; baseline -0.007 -5"><span class='ocrx_word' id='word_1_333' title='bbox 331 1661 429 1689; x_wconf 87' lang='lat' dir='ltr'>Medio</span> <span class='ocrx_word' id='word_1_334' title='bbox 454 1669 552 1688; x_wconf 86' lang='lat' dir='ltr'>mense</span> <span class='ocrx_word' id='word_1_335' title='bbox 575 1658 862 1694; x_wconf 89' lang='lat' dir='ltr'>Norinbergensibus</span> <span class='ocrx_word' id='word_1_336' title='bbox 885 1657 986 1685; x_wconf 85' lang='lat' dir='ltr'>scribit</span> <span class='ocrx_word' id='word_1_337' title='bbox 1008 1656 1044 1683; x_wconf 89' lang='lat' dir='ltr'>de</span> <span class='ocrx_word' id='word_1_338' title='bbox 1067 1655 1173 1683; x_wconf 87' lang='lat' dir='ltr'>Buceri</span> <span class='ocrx_word' id='word_1_339' title='bbox 1193 1655 1289 1683; x_wconf 88' lang='lat' dir='ltr'>studio</span> <span class='ocrx_word' id='word_1_340' title='bbox 1312 1654 1485 1683; x_wconf 80' lang='lat' dir='ltr'>concordiae</span> <span class='ocrx_word' id='word_1_341' title='bbox 1507 1652 1665 1681; x_wconf 86' lang='lat' dir='ltr'>faciendae.</span> 
     </span>
    </p>

    <p class='ocr_par' dir='ltr' id='par_1_38' title="bbox 261 1698 1157 1741">
     <span class='ocr_line' id='line_1_52' title="bbox 261 1698 1157 1741; baseline -0.008 -9"><span class='ocrx_word' id='word_1_342' title='bbox 261 1704 310 1733; x_wconf 91' lang='lat'>20.</span> <span class='ocrx_word' id='word_1_343' title='bbox 334 1702 486 1741; x_wconf 88' lang='lat' dir='ltr'>Spalatino</span> <span class='ocrx_word' id='word_1_344' title='bbox 510 1703 608 1731; x_wconf 84' lang='lat' dir='ltr'>scribit</span> <span class='ocrx_word' id='word_1_345' title='bbox 631 1702 666 1729; x_wconf 92' lang='lat' dir='ltr'>de</span> <span class='ocrx_word' id='word_1_346' title='bbox 690 1701 829 1729; x_wconf 87' lang='lat' dir='ltr'>descensu</span> <span class='ocrx_word' id='word_1_347' title='bbox 850 1699 960 1728; x_wconf 86' lang='lat' dir='ltr'>Christi</span> <span class='ocrx_word' id='word_1_348' title='bbox 983 1699 1018 1726; x_wconf 90' lang='lat' dir='ltr'>ad</span> <span class='ocrx_word' id='word_1_349' title='bbox 1041 1698 1157 1726; x_wconf 89' lang='lat' dir='ltr'>inferos.</span> 
     </span>
    </p>

    <p class='ocr_par' dir='ltr' id='par_1_39' title="bbox 256 1735 2145 1816">
     <span class='ocr_line' id='line_1_53' title="bbox 256 1735 2145 1776; baseline -0.007 -1"><span class='ocrx_word' id='word_1_350' title='bbox 256 1748 305 1776; x_wconf 85' lang='lat'>29.</span> <span class='ocrx_word' id='word_1_351' title='bbox 328 1745 497 1774; x_wconf 84' lang='lat' dir='ltr'>Conventus</span> <span class='ocrx_word' id='word_1_352' title='bbox 521 1744 747 1773; x_wconf 86' lang='lat' dir='ltr'>Protestantium</span> <span class='ocrx_word' id='word_1_353' title='bbox 769 1742 1020 1775; x_wconf 79' lang='lat' dir='ltr'>Schmalcaldiae,</span> <span class='ocrx_word' id='word_1_354' title='bbox 1050 1741 1098 1769; x_wconf 92' lang='lat' dir='ltr'>ubi</span> <span class='ocrx_word' id='word_1_355' title='bbox 1128 1741 1229 1769; x_wconf 85' lang='lat' dir='ltr'>foedus</span> <span class='ocrx_word' id='word_1_356' title='bbox 1257 1740 1358 1767; x_wconf 90' lang='lat' dir='ltr'>ineunt</span> <span class='ocrx_word' id='word_1_357' title='bbox 1385 1738 1421 1766; x_wconf 87' lang='lat' dir='ltr'>de</span> <span class='ocrx_word' id='word_1_358' title='bbox 1450 1737 1616 1765; x_wconf 87' lang='lat' dir='ltr'>defensione</span> <span class='ocrx_word' id='word_1_359' title='bbox 1645 1745 1749 1764; x_wconf 85' lang='lat' dir='ltr'>causae</span> <span class='ocrx_word' id='word_1_360' title='bbox 1779 1736 1930 1774; x_wconf 84' lang='lat' dir='ltr'>religionis</span> <span class='ocrx_word' id='word_1_361' title='bbox 1961 1740 2064 1764; x_wconf 81' lang='lat' dir='ltr'>contra</span> <span class='ocrx_word' id='word_1_362' title='bbox 2087 1735 2145 1764; x_wconf 90' lang='lat' dir='ltr'>vim</span> 
     </span>
     <span class='ocr_line' id='line_1_54' title="bbox 364 1789 509 1816; baseline 0 0"><span class='ocrx_word' id='word_1_363' title='bbox 364 1789 509 1816; x_wconf 84' lang='lat' dir='ltr'>hostile&#39;m.</span> 
     </span>
    </p>

    <p class='ocr_par' dir='ltr' id='par_1_40' title="bbox 262 1822 2146 2030">
     <span class='ocr_line' id='line_1_55' title="bbox 331 1822 1800 1866; baseline -0.007 -7"><span class='ocrx_word' id='word_1_364' title='bbox 331 1832 463 1860; x_wconf 83' lang='lat' dir='ltr'>Exeunte</span> <span class='ocrx_word' id='word_1_365' title='bbox 486 1831 591 1858; x_wconf 89' lang='lat' dir='ltr'>Martio</span> <span class='ocrx_word' id='word_1_366' title='bbox 617 1829 785 1866; x_wconf 84' lang='lat' dir='ltr'>„Apologia</span> <span class='ocrx_word' id='word_1_367' title='bbox 807 1828 902 1856; x_wconf 86' lang='lat' dir='ltr'>adhuc</span> <span class='ocrx_word' id='word_1_368' title='bbox 925 1827 978 1855; x_wconf 89' lang='lat' dir='ltr'>sub</span> <span class='ocrx_word' id='word_1_369' title='bbox 1001 1826 1080 1863; x_wconf 88' lang='lat' dir='ltr'>prelo</span> <span class='ocrx_word' id='word_1_370' title='bbox 1103 1830 1160 1859; x_wconf 82' lang='lat' dir='ltr'>est3</span> <span class='ocrx_word' id='word_1_371' title='bbox 1183 1825 1324 1852; x_wconf 86' lang='lat' dir='ltr'>retexitur</span> <span class='ocrx_word' id='word_1_372' title='bbox 1347 1824 1423 1851; x_wconf 88' lang='lat' dir='ltr'>enim</span> <span class='ocrx_word' id='word_1_373' title='bbox 1447 1828 1475 1850; x_wconf 88' lang='lat' dir='ltr'>et</span> <span class='ocrx_word' id='word_1_374' title='bbox 1497 1822 1690 1859; x_wconf 87' lang='lat' dir='ltr'>amplificatur</span> <span class='ocrx_word' id='word_1_375' title='bbox 1712 1823 1800 1849; x_wconf 85' lang='lat' dir='ltr'>tota.“</span> 
     </span>
     <span class='ocr_line' id='line_1_56' title="bbox 331 1863 2146 1908; baseline -0.006 -6"><span class='ocrx_word' id='word_1_376' title='bbox 331 1874 490 1902; x_wconf 84' lang='lat' dir='ltr'>Absolutus</span> <span class='ocrx_word' id='word_1_377' title='bbox 514 1879 557 1901; x_wconf 84' lang='lat' dir='ltr'>est</span> <span class='ocrx_word' id='word_1_378' title='bbox 579 1873 609 1900; x_wconf 92' lang='lat' dir='ltr'>in</span> <span class='ocrx_word' id='word_1_379' title='bbox 633 1872 769 1908; x_wconf 83' lang='lat' dir='ltr'>apologia</span> <span class='ocrx_word' id='word_1_380' title='bbox 786 1871 867 1898; x_wconf 89' lang='lat' dir='ltr'>locus</span> <span class='ocrx_word' id='word_1_381' title='bbox 886 1871 921 1897; x_wconf 90' lang='lat' dir='ltr'>de</span> <span class='ocrx_word' id='word_1_382' title='bbox 941 1869 1084 1905; x_wconf 89' lang='lat' dir='ltr'>coniugio.</span> <span class='ocrx_word' id='word_1_383' title='bbox 1109 1885 1144 1888; x_wconf 80' lang='lat'>—</span> <span class='ocrx_word' id='word_1_384' title='bbox 1163 1867 1309 1895; x_wconf 87' lang='lat' dir='ltr'>Lutherus</span> <span class='ocrx_word' id='word_1_385' title='bbox 1328 1865 1493 1903; x_wconf 90' lang='lat' dir='ltr'>apologiam</span> <span class='ocrx_word' id='word_1_386' title='bbox 1506 1874 1542 1893; x_wconf 83' lang='lat' dir='ltr'>ex</span> <span class='ocrx_word' id='word_1_387' title='bbox 1558 1865 1649 1893; x_wconf 88' lang='lat' dir='ltr'>latino</span> <span class='ocrx_word' id='word_1_388' title='bbox 1663 1873 1794 1892; x_wconf 85' lang='lat' dir='ltr'>sermone</span> <span class='ocrx_word' id='word_1_389' title='bbox 1804 1865 1834 1892; x_wconf 90' lang='lat' dir='ltr'>in</span> <span class='ocrx_word' id='word_1_390' title='bbox 1852 1863 2038 1892; x_wconf 87' lang='lat' dir='ltr'>vernaculum</span> <span class='ocrx_word' id='word_1_391' title='bbox 2050 1863 2146 1892; x_wconf 86' lang='lat' dir='ltr'>vertit.</span> 
     </span>
     <span class='ocr_line' id='line_1_57' title="bbox 332 1912 1093 1951; baseline -0.009 -6"><span class='ocrx_word' id='word_1_392' title='bbox 332 1917 451 1945; x_wconf 90' lang='lat' dir='ltr'>Brentio</span> <span class='ocrx_word' id='word_1_393' title='bbox 474 1917 561 1944; x_wconf 87' lang='lat' dir='ltr'>mittit</span> <span class='ocrx_word' id='word_1_394' title='bbox 583 1914 798 1951; x_wconf 87' lang='lat' dir='ltr'>propositiones</span> <span class='ocrx_word' id='word_1_395' title='bbox 822 1914 857 1940; x_wconf 93' lang='lat' dir='ltr'>de</span> <span class='ocrx_word' id='word_1_396' title='bbox 881 1912 1093 1940; x_wconf 87' lang='lat' dir='ltr'>iustificatione.</span> 
     </span>
     <span class='ocr_line' id='line_1_58' title="bbox 262 1953 1242 1993; baseline -0.01 -4"><span class='ocrx_word' id='word_1_397' title='bbox 262 1961 308 1989; x_wconf 88' lang='lat'>17.</span> <span class='ocrx_word' id='word_1_398' title='bbox 333 1959 501 1988; x_wconf 87' lang='lat' dir='ltr'>Camerario</span> <span class='ocrx_word' id='word_1_399' title='bbox 524 1958 637 1987; x_wconf 84' lang='lat' dir='ltr'>scribit:</span> <span class='ocrx_word' id='word_1_400' title='bbox 659 1957 815 1993; x_wconf 82' lang='lat' dir='ltr'>„apologia</span> <span class='ocrx_word' id='word_1_401' title='bbox 836 1965 901 1983; x_wconf 88' lang='lat' dir='ltr'>mea</span> <span class='ocrx_word' id='word_1_402' title='bbox 924 1955 970 1983; x_wconf 87' lang='lat' dir='ltr'>his</span> <span class='ocrx_word' id='word_1_403' title='bbox 990 1954 1091 1982; x_wconf 86' lang='lat' dir='ltr'>diebus</span> <span class='ocrx_word' id='word_1_404' title='bbox 1115 1953 1242 1980; x_wconf 82' lang='lat' dir='ltr'>edetur.“</span> 
     </span>
     <span class='ocr_line' id='line_1_59' title="bbox 335 1995 1291 2030; baseline -0.009 1"><span class='ocrx_word' id='word_1_405' title='bbox 335 2004 412 2030; x_wconf 90' lang='lat' dir='ltr'>Maio</span> <span class='ocrx_word' id='word_1_406' title='bbox 435 2003 509 2030; x_wconf 87' lang='lat' dir='ltr'>med.</span> <span class='ocrx_word' id='word_1_407' title='bbox 534 2002 570 2028; x_wconf 85' lang='lat' dir='ltr'>ad</span> <span class='ocrx_word' id='word_1_408' title='bbox 594 2000 744 2028; x_wconf 79' lang='lat' dir='ltr'>Brentinni</span> <span class='ocrx_word' id='word_1_409' title='bbox 769 1998 869 2026; x_wconf 89' lang='lat' dir='ltr'>scribit</span> <span class='ocrx_word' id='word_1_410' title='bbox 888 1998 923 2025; x_wconf 82' lang='lat' dir='ltr'>de</span> <span class='ocrx_word' id='word_1_411' title='bbox 946 1997 1002 2025; x_wconf 82' lang='lat' dir='ltr'>fide</span> <span class='ocrx_word' id='word_1_412' title='bbox 1026 2002 1053 2024; x_wconf 90' lang='lat' dir='ltr'>et</span> <span class='ocrx_word' id='word_1_413' title='bbox 1075 1995 1291 2023; x_wconf 79' lang='lat' dir='ltr'>iustificatione.</span> 
     </span>
    </p>

    <p class='ocr_par' dir='ltr' id='par_1_41' title="bbox 282 2035 1547 2074">
     <span class='ocr_line' id='line_1_60' title="bbox 282 2035 1547 2074; baseline -0.009 0"><span class='ocrx_word' id='word_1_414' title='bbox 282 2047 309 2074; x_wconf 89' lang='grc'>4.</span> <span class='ocrx_word' id='word_1_415' title='bbox 334 2044 504 2074; x_wconf 81' lang='lat' dir='ltr'>Conventus</span> <span class='ocrx_word' id='word_1_416' title='bbox 527 2043 755 2072; x_wconf 84' lang='lat' dir='ltr'>Protestantium</span> <span class='ocrx_word' id='word_1_417' title='bbox 774 2041 910 2069; x_wconf 83' lang='lat' dir='ltr'>Francos.</span> <span class='ocrx_word' id='word_1_418' title='bbox 931 2041 965 2067; x_wconf 88' lang='lat' dir='ltr'>ad</span> <span class='ocrx_word' id='word_1_419' title='bbox 990 2039 1085 2067; x_wconf 89' lang='lat' dir='ltr'>Moen.</span> <span class='ocrx_word' id='word_1_420' title='bbox 1106 2039 1142 2066; x_wconf 91' lang='lat' dir='ltr'>de</span> <span class='ocrx_word' id='word_1_421' title='bbox 1166 2038 1290 2066; x_wconf 89' lang='lat' dir='ltr'>creando</span> <span class='ocrx_word' id='word_1_422' title='bbox 1313 2045 1381 2073; x_wconf 88' lang='lat' dir='ltr'>rege</span> <span class='ocrx_word' id='word_1_423' title='bbox 1405 2035 1547 2063; x_wconf 85' lang='lat' dir='ltr'>Romano.</span> 
     </span>
    </p>

    <p class='ocr_par' dir='ltr' id='par_1_42' title="bbox 283 2076 2143 2123">
     <span class='ocr_line' id='line_1_61' title="bbox 283 2076 2143 2123; baseline -0.008 -5"><span class='ocrx_word' id='word_1_424' title='bbox 283 2090 309 2118; x_wconf 92' lang='lat'>7.</span> <span class='ocrx_word' id='word_1_425' title='bbox 334 2089 400 2117; x_wconf 84' lang='lat' dir='ltr'>Mel.</span> <span class='ocrx_word' id='word_1_426' title='bbox 423 2088 535 2116; x_wconf 71' lang='lat' dir='ltr'>scribit:</span> <span class='ocrx_word' id='word_1_427' title='bbox 561 2095 656 2123; x_wconf 82' lang='lat' dir='ltr'>„nuuc</span> <span class='ocrx_word' id='word_1_428' title='bbox 678 2085 826 2113; x_wconf 89' lang='lat' dir='ltr'>recuditur</span> <span class='ocrx_word' id='word_1_429' title='bbox 848 2083 995 2120; x_wconf 71' lang='lat' dir='ltr'>apologia,</span> <span class='ocrx_word' id='word_1_430' title='bbox 1016 2087 1041 2109; x_wconf 88' lang='lat' dir='ltr'>et</span> <span class='ocrx_word' id='word_1_431' title='bbox 1065 2091 1119 2118; x_wconf 86' lang='lat' dir='ltr'>ego</span> <span class='ocrx_word' id='word_1_432' title='bbox 1143 2081 1246 2109; x_wconf 88' lang='lat' dir='ltr'>studeo</span> <span class='ocrx_word' id='word_1_433' title='bbox 1269 2080 1391 2107; x_wconf 87' lang='lat' dir='ltr'>reddere</span> <span class='ocrx_word' id='word_1_434' title='bbox 1414 2079 1557 2115; x_wconf 85' lang='lat' dir='ltr'>quaedam</span> <span class='ocrx_word' id='word_1_435' title='bbox 1577 2078 1737 2106; x_wconf 75' lang='lat' dir='ltr'>&#39;illustriora</span> <span class='ocrx_word' id='word_1_436' title='bbox 1758 2077 1788 2105; x_wconf 91' lang='lat' dir='ltr'>in</span> <span class='ocrx_word' id='word_1_437' title='bbox 1812 2076 1877 2105; x_wconf 90' lang='lat' dir='ltr'>loco</span> <span class='ocrx_word' id='word_1_438' title='bbox 1899 2076 2143 2104; x_wconf 83' lang='lat' dir='ltr'>iustificationis.“</span> 
     </span>
    </p>

    <p class='ocr_par' dir='ltr' id='par_1_43' title="bbox 263 2123 1392 2162">
     <span class='ocr_line' id='line_1_62' title="bbox 263 2123 1392 2162; baseline -0.01 -2"><span class='ocrx_word' id='word_1_439' title='bbox 263 2132 309 2160; x_wconf 82' lang='lat'>12.</span> <span class='ocrx_word' id='word_1_440' title='bbox 334 2130 500 2159; x_wconf 85' lang='lat' dir='ltr'>Camerario</span> <span class='ocrx_word' id='word_1_441' title='bbox 523 2130 623 2157; x_wconf 88' lang='lat' dir='ltr'>scribit</span> <span class='ocrx_word' id='word_1_442' title='bbox 645 2128 681 2156; x_wconf 89' lang='lat' dir='ltr'>de</span> <span class='ocrx_word' id='word_1_443' title='bbox 710 2125 860 2161; x_wconf 68' lang='lat' dir='ltr'>Curione,</span> <span class='ocrx_word' id='word_1_444' title='bbox 886 2127 1004 2162; x_wconf 84' lang='lat' dir='ltr'>eiusque</span> <span class='ocrx_word' id='word_1_445' title='bbox 1028 2124 1174 2151; x_wconf 82' lang='lat' dir='ltr'>vaticiniis</span> <span class='ocrx_word' id='word_1_446' title='bbox 1197 2128 1225 2150; x_wconf 90' lang='lat' dir='ltr'>et</span> <span class='ocrx_word' id='word_1_447' title='bbox 1244 2123 1392 2151; x_wconf 88' lang='lat' dir='ltr'>chronico.</span> 
     </span>
    </p>

    <p class='ocr_par' dir='ltr' id='par_1_44' title="bbox 264 2171 767 2203">
     <span class='ocr_line' id='line_1_63' title="bbox 264 2171 767 2203; baseline -0.01 -1"><span class='ocrx_word' id='word_1_448' title='bbox 264 2177 311 2203; x_wconf 79' lang='lat'>14.</span> <span class='ocrx_word' id='word_1_449' title='bbox 335 2174 493 2202; x_wconf 83' lang='lat' dir='ltr'>Rhetorica</span> <span class='ocrx_word' id='word_1_450' title='bbox 514 2172 582 2200; x_wconf 85' lang='lat' dir='ltr'>Mel.</span> <span class='ocrx_word' id='word_1_451' title='bbox 607 2171 767 2199; x_wconf 85' lang='lat' dir='ltr'>excuditur.</span> 
     </span>
    </p>

    <p class='ocr_par' dir='ltr' id='par_1_45' title="bbox 262 2209 1255 2248">
     <span class='ocr_line' id='line_1_64' title="bbox 262 2209 1255 2248; baseline -0.011 -2"><span class='ocrx_word' id='word_1_452' title='bbox 262 2218 309 2246; x_wconf 91' lang='lat'>10.</span> <span class='ocrx_word' id='word_1_453' title='bbox 333 2217 472 2245; x_wconf 87' lang='lat' dir='ltr'>Nascitur</span> <span class='ocrx_word' id='word_1_454' title='bbox 496 2216 562 2243; x_wconf 83' lang='lat' dir='ltr'>Mel.</span> <span class='ocrx_word' id='word_1_455' title='bbox 585 2215 659 2248; x_wconf 77' lang='lat' dir='ltr'>filia,</span> <span class='ocrx_word' id='word_1_456' title='bbox 684 2211 884 2248; x_wconf 71' lang='lat' dir='ltr'>Margaretha‚</span> <span class='ocrx_word' id='word_1_457' title='bbox 903 2216 1005 2247; x_wconf 88' lang='lat' dir='ltr'>postea</span> <span class='ocrx_word' id='word_1_458' title='bbox 1028 2209 1149 2236; x_wconf 83' lang='lat' dir='ltr'>Peuceri</span> <span class='ocrx_word' id='word_1_459' title='bbox 1172 2217 1255 2236; x_wconf 82' lang='lat' dir='ltr'>uxor.</span> 
     </span>
    </p>

    <p class='ocr_par' dir='ltr' id='par_1_46' title="bbox 264 2254 936 2297">
     <span class='ocr_line' id='line_1_65' title="bbox 264 2254 936 2297; baseline -0.013 -8"><span class='ocrx_word' id='word_1_460' title='bbox 264 2261 311 2289; x_wconf 84' lang='lat'>15.</span> <span class='ocrx_word' id='word_1_461' title='bbox 335 2258 501 2297; x_wconf 90' lang='lat' dir='ltr'>Campanus</span> <span class='ocrx_word' id='word_1_462' title='bbox 524 2264 567 2287; x_wconf 89' lang='lat' dir='ltr'>est</span> <span class='ocrx_word' id='word_1_463' title='bbox 588 2258 618 2285; x_wconf 86' lang='lat' dir='ltr'>in</span> <span class='ocrx_word' id='word_1_464' title='bbox 641 2255 797 2284; x_wconf 86' lang='lat' dir='ltr'>Iuliacensi</span> <span class='ocrx_word' id='word_1_465' title='bbox 819 2254 936 2282; x_wconf 86' lang='lat' dir='ltr'>ditione.</span> 
     </span>
    </p>

    <p class='ocr_par' dir='ltr' id='par_1_47' title="bbox 266 2288 2147 2383">
     <span class='ocr_line' id='line_1_66' title="bbox 266 2288 2147 2340; baseline -0.009 -8"><span class='ocrx_word' id='word_1_466' title='bbox 266 2304 314 2332; x_wconf 87' lang='lat'>16.</span> <span class='ocrx_word' id='word_1_467' title='bbox 338 2301 493 2340; x_wconf 64' lang='lat' dir='ltr'>Gryuaeus</span> <span class='ocrx_word' id='word_1_468' title='bbox 517 2312 553 2329; x_wconf 85' lang='lat' dir='ltr'>ex</span> <span class='ocrx_word' id='word_1_469' title='bbox 576 2300 686 2336; x_wconf 86' lang='lat' dir='ltr'>Anglia</span> <span class='ocrx_word' id='word_1_470' title='bbox 709 2299 802 2326; x_wconf 87' lang='lat' dir='ltr'>adfert</span> <span class='ocrx_word' id='word_1_471' title='bbox 822 2296 1021 2334; x_wconf 88' lang='lat' dir='ltr'>quaestionem</span> <span class='ocrx_word' id='word_1_472' title='bbox 1045 2295 1079 2322; x_wconf 86' lang='lat' dir='ltr'>de</span> <span class='ocrx_word' id='word_1_473' title='bbox 1102 2293 1288 2322; x_wconf 88' lang='lat' dir='ltr'>matrimonio</span> <span class='ocrx_word' id='word_1_474' title='bbox 1311 2292 1433 2321; x_wconf 88' lang='lat' dir='ltr'>Henrici</span> <span class='ocrx_word' id='word_1_475' title='bbox 1455 2291 1556 2329; x_wconf 82' lang='lat' dir='ltr'>Regis.</span> <span class='ocrx_word' id='word_1_476' title='bbox 1583 2307 1619 2311; x_wconf 97' lang='lat'><strong>—</strong></span> <span class='ocrx_word' id='word_1_477' title='bbox 1644 2290 1692 2318; x_wconf 90' lang='lat' dir='ltr'>Ad</span> <span class='ocrx_word' id='word_1_478' title='bbox 1715 2289 1914 2319; x_wconf 80' lang='lat' dir='ltr'>camerarium</span> <span class='ocrx_word' id='word_1_479' title='bbox 1937 2288 2007 2318; x_wconf 81' lang='lat' dir='ltr'>Mel.</span> <span class='ocrx_word' id='word_1_480' title='bbox 2031 2288 2147 2317; x_wconf 73' lang='lat' dir='ltr'>scribit:</span> 
     </span>
     <span class='ocr_line' id='line_1_67' title="bbox 374 2337 1162 2383; baseline -0.014 -9"><span class='ocrx_word' id='word_1_481' title='bbox 374 2355 447 2383; x_wconf 85' lang='lat' dir='ltr'>„ego</span> <span class='ocrx_word' id='word_1_482' title='bbox 469 2344 617 2372; x_wconf 87' lang='lat' dir='ltr'>laboribus</span> <span class='ocrx_word' id='word_1_483' title='bbox 635 2352 669 2370; x_wconf 84' lang='lat' dir='ltr'>ac</span> <span class='ocrx_word' id='word_1_484' title='bbox 692 2342 770 2369; x_wconf 87' lang='lat' dir='ltr'>curis</span> <span class='ocrx_word' id='word_1_485' title='bbox 793 2339 972 2368; x_wconf 86' lang='lat' dir='ltr'>miserrimus</span> <span class='ocrx_word' id='word_1_486' title='bbox 995 2337 1162 2365; x_wconf 79' lang='lat' dir='ltr'>conficior.“</span> 
     </span>
    </p>

    <p class='ocr_par' dir='ltr' id='par_1_48' title="bbox 264 2386 648 2424">
     <span class='ocr_line' id='line_1_68' title="bbox 264 2386 648 2424; baseline -0.01 -7"><span class='ocrx_word' id='word_1_487' title='bbox 264 2390 310 2417; x_wconf 88' lang='lat'>18.</span> <span class='ocrx_word' id='word_1_488' title='bbox 334 2387 473 2416; x_wconf 86' lang='lat' dir='ltr'>Cometen</span> <span class='ocrx_word' id='word_1_489' title='bbox 495 2386 648 2424; x_wconf 85' lang='lat' dir='ltr'>conspicit.</span> 
     </span>
    </p>

    <p class='ocr_par' dir='ltr' id='par_1_49' title="bbox 264 2417 1874 2459">
     <span class='ocr_line' id='line_1_69' title="bbox 264 2417 1874 2459; baseline -0.009 1"><span class='ocrx_word' id='word_1_490' title='bbox 264 2431 314 2459; x_wconf 86' lang='lat'>22.</span> <span class='ocrx_word' id='word_1_491' title='bbox 337 2430 467 2459; x_wconf 89' lang='lat' dir='ltr'>Comites</span> <span class='ocrx_word' id='word_1_492' title='bbox 489 2440 506 2458; x_wconf 91' lang='lat' dir='ltr'>a</span> <span class='ocrx_word' id='word_1_493' title='bbox 525 2430 642 2458; x_wconf 89' lang='lat' dir='ltr'>Nassau</span> <span class='ocrx_word' id='word_1_494' title='bbox 666 2432 693 2455; x_wconf 87' lang='lat' dir='ltr'>et</span> <span class='ocrx_word' id='word_1_495' title='bbox 716 2436 733 2454; x_wconf 91' lang='lat' dir='ltr'>a</span> <span class='ocrx_word' id='word_1_496' title='bbox 752 2426 873 2454; x_wconf 86' lang='lat' dir='ltr'>Nuenar</span> <span class='ocrx_word' id='word_1_497' title='bbox 896 2423 1015 2451; x_wconf 88' lang='lat' dir='ltr'>veniunt</span> <span class='ocrx_word' id='word_1_498' title='bbox 1037 2422 1073 2449; x_wconf 93' lang='lat' dir='ltr'>ad</span> <span class='ocrx_word' id='word_1_499' title='bbox 1095 2421 1260 2458; x_wconf 85' lang='lat' dir='ltr'>Principem</span> <span class='ocrx_word' id='word_1_500' title='bbox 1283 2420 1465 2456; x_wconf 82' lang='lat' dir='ltr'>Electorem‚</span> <span class='ocrx_word' id='word_1_501' title='bbox 1488 2419 1580 2448; x_wconf 85' lang='lat' dir='ltr'>acturi</span> <span class='ocrx_word' id='word_1_502' title='bbox 1602 2419 1639 2446; x_wconf 90' lang='lat' dir='ltr'>de</span> <span class='ocrx_word' id='word_1_503' title='bbox 1662 2417 1874 2446; x_wconf 88' lang='lat' dir='ltr'>conciliatione.</span> 
     </span>
    </p>
   </div>
   <div class='ocr_carea' id='block_1_21' title="bbox 267 2474 304 2502">
    <p class='ocr_par' dir='ltr' id='par_1_50' title="bbox 267 2474 304 2502">
     <span class='ocr_line' id='line_1_70' title="bbox 267 2474 304 2502; baseline 0.027 -1"><span class='ocrx_word' id='word_1_504' title='bbox 267 2474 304 2502; x_wconf 89' lang='lat'>23</span> 
     </span>
    </p>
   </div>
   <div class='ocr_carea' id='block_1_22' title="bbox 309 2466 2147 2552">
    <p class='ocr_par' dir='ltr' id='par_1_51' title="bbox 309 2466 2147 2552">
     <span class='ocr_line' id='line_1_71' title="bbox 309 2466 1002 2508; baseline -0.014 -6"><span class='ocrx_word' id='word_1_505' title='bbox 309 2495 315 2502; x_wconf 95' lang='lat'>.</span> <span class='ocrx_word' id='word_1_506' title='bbox 339 2474 406 2502; x_wconf 87' lang='lat' dir='ltr'>Mel.</span> <span class='ocrx_word' id='word_1_507' title='bbox 430 2474 527 2501; x_wconf 88' lang='lat' dir='ltr'>scribit</span> <span class='ocrx_word' id='word_1_508' title='bbox 548 2473 583 2500; x_wconf 87' lang='lat' dir='ltr'>de</span> <span class='ocrx_word' id='word_1_509' title='bbox 607 2470 733 2508; x_wconf 81' lang='lat' dir='ltr'>digamia</span> <span class='ocrx_word' id='word_1_510' title='bbox 755 2468 846 2506; x_wconf 83' lang='lat' dir='ltr'>Regis</span> <span class='ocrx_word' id='word_1_511' title='bbox 869 2466 1002 2502; x_wconf 85' lang='lat' dir='ltr'>Angliae.</span> 
     </span>
     <span class='ocr_line' id='line_1_72' title="bbox 340 2500 2147 2552; baseline -0.009 -7"><span class='ocrx_word' id='word_1_512' title='bbox 340 2516 407 2544; x_wconf 90' lang='lat' dir='ltr'>Hoc</span> <span class='ocrx_word' id='word_1_513' title='bbox 430 2526 527 2544; x_wconf 84' lang='lat' dir='ltr'>mense</span> <span class='ocrx_word' id='word_1_514' title='bbox 551 2514 700 2552; x_wconf 87' lang='lat' dir='ltr'>praefatur</span> <span class='ocrx_word' id='word_1_515' title='bbox 722 2512 759 2540; x_wconf 91' lang='lat' dir='ltr'>ad</span> <span class='ocrx_word' id='word_1_516' title='bbox 779 2510 950 2549; x_wconf 85' lang='lat' dir='ltr'>Grynaeum</span> <span class='ocrx_word' id='word_1_517' title='bbox 971 2508 1000 2536; x_wconf 87' lang='lat' dir='ltr'>in</span> <span class='ocrx_word' id='word_1_518' title='bbox 1023 2507 1128 2535; x_wconf 87' lang='lat' dir='ltr'>librum</span> <span class='ocrx_word' id='word_1_519' title='bbox 1149 2506 1267 2534; x_wconf 84' lang='lat' dir='ltr'>Ioannis</span> <span class='ocrx_word' id='word_1_520' title='bbox 1289 2506 1326 2533; x_wconf 90' lang='lat' dir='ltr'>de</span> <span class='ocrx_word' id='word_1_521' title='bbox 1349 2515 1432 2534; x_wconf 89' lang='lat' dir='ltr'>sacro</span> <span class='ocrx_word' id='word_1_522' title='bbox 1454 2505 1546 2533; x_wconf 88' lang='lat' dir='ltr'>Busto</span> <span class='ocrx_word' id='word_1_523' title='bbox 1569 2504 1605 2532; x_wconf 91' lang='lat' dir='ltr'>de</span> <span class='ocrx_word' id='word_1_524' title='bbox 1629 2504 1764 2541; x_wconf 76' lang='lat' dir='ltr'>sphaera,</span> <span class='ocrx_word' id='word_1_525' title='bbox 1787 2503 1835 2531; x_wconf 92' lang='lat' dir='ltr'>ubi</span> <span class='ocrx_word' id='word_1_526' title='bbox 1857 2502 1974 2530; x_wconf 77' lang='lat' dir='ltr'>disserit</span> <span class='ocrx_word' id='word_1_527' title='bbox 1996 2501 2031 2528; x_wconf 89' lang='lat' dir='ltr'>de</span> <span class='ocrx_word' id='word_1_528' title='bbox 2052 2500 2147 2538; x_wconf 88' lang='lat' dir='ltr'>digni-</span> 
     </span>
    </p>
   </div>
   <div class='ocr_carea' id='block_1_23' title="bbox 374 2557 658 2587">
    <p class='ocr_par' dir='ltr' id='par_1_52' title="bbox 374 2557 658 2587">
     <span class='ocr_line' id='line_1_73' title="bbox 374 2557 658 2587; baseline -0.007 -1"><span class='ocrx_word' id='word_1_529' title='bbox 374 2563 433 2587; x_wconf 80' lang='lat' dir='ltr'>tate</span> <span class='ocrx_word' id='word_1_530' title='bbox 456 2557 658 2587; x_wconf 84' lang='lat' dir='ltr'>astronomiae.</span> 
     </span>
    </p>
   </div>
  </div>
 </body>
</html>
