<?xml version="1.0" encoding="UTF-8"?>
<!DOCTYPE html PUBLIC "-//W3C//DTD XHTML 1.0 Transitional//EN"
    "http://www.w3.org/TR/xhtml1/DTD/xhtml1-transitional.dtd">
<html xmlns="http://www.w3.org/1999/xhtml" xml:lang="en" lang="en">
 <head>
  <title>
</title>
<meta http-equiv="Content-Type" content="text/html;charset=utf-8" />
  <meta name='ocr-system' content='tesseract 3.04.00' />
  <meta name='ocr-capabilities' content='ocr_page ocr_carea ocr_par ocr_line ocrx_word'/>
</head>
<body>
  <div class='ocr_page' id='page_1' title='image "./operaquaesupersu28melauoft/operaquaesupersu28melauoft_0362.png"; bbox 0 0 2299 2921; ppageno 0'>
   <div class='ocr_carea' id='block_1_1' title="bbox 129 123 2140 163">
    <p class='ocr_par' dir='ltr' id='par_1_1' title="bbox 129 123 2140 163">
     <span class='ocr_line' id='line_1_1' title="bbox 129 123 2140 163; baseline 0.001 -8"><span class='ocrx_word' id='word_1_1' title='bbox 129 123 195 155; x_wconf 88' lang='lat'>103</span> <span class='ocrx_word' id='word_1_2' title='bbox 786 124 970 156; x_wconf 83' lang='lat' dir='ltr'>PHlLlPI’l</span> <span class='ocrx_word' id='word_1_3' title='bbox 994 123 1312 157; x_wconf 76' lang='lat' dir='ltr'>MELANTHONIS</span> <span class='ocrx_word' id='word_1_4' title='bbox 1335 124 1493 157; x_wconf 80' lang='lat' dir='ltr'><strong>OPERA.</strong></span> <span class='ocrx_word' id='word_1_5' title='bbox 2079 131 2140 163; x_wconf 78' lang='lat'>104</span> 
     </span>
    </p>
   </div>
   <div class='ocr_carea' id='block_1_2' title="bbox 127 216 2143 341">
    <p class='ocr_par' dir='ltr' id='par_1_2' title="bbox 127 216 2143 341">
     <span class='ocr_line' id='line_1_2' title="bbox 127 216 2143 273; baseline 0.005 -28"><span class='ocrx_word' id='word_1_6' title='bbox 127 216 202 246; x_wconf 73' lang='lat' dir='ltr'>Dec.</span> <span class='ocrx_word' id='word_1_7' title='bbox 323 219 455 246; x_wconf 84' lang='lat' dir='ltr'>Adornat</span> <span class='ocrx_word' id='word_1_8' title='bbox 486 218 688 248; x_wconf 76' lang='lat' dir='ltr'>refutationem</span> <span class='ocrx_word' id='word_1_9' title='bbox 720 221 900 248; x_wconf 87' lang='lat' dir='ltr'>decretorum</span> <span class='ocrx_word' id='word_1_10' title='bbox 929 218 1041 257; x_wconf 87' lang='lat' dir='ltr'>Synodi</span> <span class='ocrx_word' id='word_1_11' title='bbox 1064 219 1271 255; x_wconf 75' lang='lat' dir='ltr'><strong>Tridentinae,</strong></span> <span class='ocrx_word' id='word_1_12' title='bbox 1300 220 1432 258; x_wconf 89' lang='lat' dir='ltr'>Zieglero</span> <span class='ocrx_word' id='word_1_13' title='bbox 1456 221 1603 273; x_wconf 83' lang='lat' dir='ltr'>Lipsiensi</span> <span class='ocrx_word' id='word_1_14' title='bbox 1626 223 1727 251; x_wconf 83' lang='lat' dir='ltr'>scribit</span> <span class='ocrx_word' id='word_1_15' title='bbox 1748 225 1925 261; x_wconf 84' lang='lat' dir='ltr'>orationem,</span> <span class='ocrx_word' id='word_1_16' title='bbox 1949 226 2033 264; x_wconf 88' lang='lat' dir='ltr'>eique</span> <span class='ocrx_word' id='word_1_17' title='bbox 2055 227 2143 256; x_wconf 80' lang='lat' dir='ltr'>mittit</span> 
     </span>
     <span class='ocr_line' id='line_1_3' title="bbox 359 262 722 300; baseline 0.003 -11"><span class='ocrx_word' id='word_1_18' title='bbox 359 262 496 289; x_wconf 86' lang='lat' dir='ltr'>iudicium</span> <span class='ocrx_word' id='word_1_19' title='bbox 521 262 557 289; x_wconf 83' lang='lat' dir='ltr'>dc</span> <span class='ocrx_word' id='word_1_20' title='bbox 578 263 722 300; x_wconf 84' lang='lat' dir='ltr'>coniugio.</span> 
     </span>
     <span class='ocr_line' id='line_1_4' title="bbox 250 303 1453 341; baseline 0.002 -8"><span class='ocrx_word' id='word_1_21' title='bbox 250 306 298 333; x_wconf 78' lang='grc'><strong>19.</strong></span> <span class='ocrx_word' id='word_1_22' title='bbox 324 305 412 332; x_wconf 78' lang='lat' dir='ltr'><strong>Mittit</strong></span> <span class='ocrx_word' id='word_1_23' title='bbox 437 303 568 341; x_wconf 81' lang='lat' dir='ltr'>Georgio</span> <span class='ocrx_word' id='word_1_24' title='bbox 592 305 754 333; x_wconf 82' lang='lat' dir='ltr'>Anhaltino</span> <span class='ocrx_word' id='word_1_25' title='bbox 778 305 948 332; x_wconf 61' lang='lat' dir='ltr'>concionem</span> <span class='ocrx_word' id='word_1_26' title='bbox 972 305 1001 331; x_wconf 90' lang='lat' dir='ltr'>iu</span> <span class='ocrx_word' id='word_1_27' title='bbox 1024 304 1130 340; x_wconf 80' lang='lat' dir='ltr'>festum</span> <span class='ocrx_word' id='word_1_28' title='bbox 1153 305 1315 333; x_wconf 80' lang='lat' dir='ltr'>nativitatis</span> <span class='ocrx_word' id='word_1_29' title='bbox 1335 305 1453 335; x_wconf 81' lang='lat' dir='ltr'>Christi.</span> 
     </span>
    </p>
   </div>
   <div class='ocr_carea' id='block_1_3' title="bbox 249 345 2142 417">
    <p class='ocr_par' dir='ltr' id='par_1_3' title="bbox 249 345 2142 417">
     <span class='ocr_line' id='line_1_5' title="bbox 249 345 2142 385; baseline 0.005 -11"><span class='ocrx_word' id='word_1_30' title='bbox 249 347 296 374; x_wconf 72' lang='lat'>26.</span> <span class='ocrx_word' id='word_1_31' title='bbox 321 347 450 375; x_wconf 77' lang='lat' dir='ltr'>Vocatus</span> <span class='ocrx_word' id='word_1_32' title='bbox 473 348 667 384; x_wconf 83' lang='lat' dir='ltr'>proficiscitur</span> <span class='ocrx_word' id='word_1_33' title='bbox 689 348 827 384; x_wconf 80' lang='lat' dir='ltr'>Torgam,</span> <span class='ocrx_word' id='word_1_34' title='bbox 860 352 888 374; x_wconf 88' lang='lat' dir='ltr'>ut</span> <span class='ocrx_word' id='word_1_35' title='bbox 910 347 951 374; x_wconf 90' lang='lat' dir='ltr'>ibi</span> <span class='ocrx_word' id='word_1_36' title='bbox 971 356 1034 375; x_wconf 89' lang='lat' dir='ltr'>cum</span> <span class='ocrx_word' id='word_1_37' title='bbox 1059 345 1305 384; x_wconf 73' lang='lat' dir='ltr'>Cummerstadio,</span> <span class='ocrx_word' id='word_1_38' title='bbox 1334 348 1534 385; x_wconf 82' lang='lat' dir='ltr'>Cancellario,</span> <span class='ocrx_word' id='word_1_39' title='bbox 1561 351 1702 379; x_wconf 84' lang='lat' dir='ltr'>deliberet</span> <span class='ocrx_word' id='word_1_40' title='bbox 1729 353 1765 380; x_wconf 81' lang='lat' dir='ltr'>de</span> <span class='ocrx_word' id='word_1_41' title='bbox 1794 354 1997 383; x_wconf 83' lang='lat' dir='ltr'>constituenda</span> <span class='ocrx_word' id='word_1_42' title='bbox 2019 364 2142 384; x_wconf 88' lang='lat' dir='ltr'>oecono-</span> 
     </span>
     <span class='ocr_line' id='line_1_6' title="bbox 361 390 626 417; baseline 0 0"><span class='ocrx_word' id='word_1_43' title='bbox 361 400 419 417; x_wconf 82' lang='lat' dir='ltr'>mla</span> <span class='ocrx_word' id='word_1_44' title='bbox 442 390 626 417; x_wconf 71' lang='lat' dir='ltr'>Academiae.</span> 
     </span>
    </p>
   </div>
   <div class='ocr_carea' id='block_1_4' title="bbox 971 562 1294 595">
    <p class='ocr_par' dir='ltr' id='par_1_4' title="bbox 971 562 1294 595">
     <span class='ocr_line' id='line_1_7' title="bbox 971 562 1294 595; baseline 0.003 -2"><span class='ocrx_word' id='word_1_45' title='bbox 971 562 1125 594; x_wconf 75' lang='lat' dir='ltr'><strong>ANNO</strong></span> <span class='ocrx_word' id='word_1_46' title='bbox 1170 563 1294 595; x_wconf 71' lang='lat'>1548.</span> 
     </span>
    </p>
   </div>
   <div class='ocr_carea' id='block_1_5' title="bbox 127 686 2140 799">
    <p class='ocr_par' dir='ltr' id='par_1_5' title="bbox 127 686 2140 799">
     <span class='ocr_line' id='line_1_8' title="bbox 127 686 1123 725; baseline 0.003 -11"><span class='ocrx_word' id='word_1_47' title='bbox 127 687 188 715; x_wconf 87' lang='lat' dir='ltr'>Ian.</span> <span class='ocrx_word' id='word_1_48' title='bbox 318 686 485 714; x_wconf 81' lang='lat' dir='ltr'>Melanthon</span> <span class='ocrx_word' id='word_1_49' title='bbox 508 692 551 714; x_wconf 77' lang='lat' dir='ltr'>est</span> <span class='ocrx_word' id='word_1_50' title='bbox 573 686 710 714; x_wconf 83' lang='lat' dir='ltr'>Decanus</span> <span class='ocrx_word' id='word_1_51' title='bbox 733 687 843 714; x_wconf 84' lang='lat' dir='ltr'>ordinis</span> <span class='ocrx_word' id='word_1_52' title='bbox 868 687 1123 725; x_wconf 84' lang='lat' dir='ltr'>Philosophorum.</span> 
     </span>
     <span class='ocr_line' id='line_1_9' title="bbox 263 729 2140 769; baseline 0.002 -12"><span class='ocrx_word' id='word_1_53' title='bbox 263 730 288 757; x_wconf 85' lang='lat'>3.</span> <span class='ocrx_word' id='word_1_54' title='bbox 310 729 485 766; x_wconf 84' lang='lat' dir='ltr'>Torgaviam</span> <span class='ocrx_word' id='word_1_55' title='bbox 521 733 639 757; x_wconf 73' lang='lat' dir='ltr'>vocatus</span> <span class='ocrx_word' id='word_1_56' title='bbox 672 729 712 757; x_wconf 90' lang='lat' dir='ltr'>ibi</span> <span class='ocrx_word' id='word_1_57' title='bbox 747 730 807 766; x_wconf 86' lang='lat' dir='ltr'>agit</span> <span class='ocrx_word' id='word_1_58' title='bbox 841 740 905 758; x_wconf 87' lang='lat' dir='ltr'>cum</span> <span class='ocrx_word' id='word_1_59' title='bbox 935 730 1176 765; x_wconf 70' lang='lat' dir='ltr'>Cummerstadio,</span> <span class='ocrx_word' id='word_1_60' title='bbox 1214 732 1341 760; x_wconf 81' lang='lat' dir='ltr'>Mauritii</span> <span class='ocrx_word' id='word_1_61' title='bbox 1376 732 1488 769; x_wconf 81' lang='lat' dir='ltr'>legato,</span> <span class='ocrx_word' id='word_1_62' title='bbox 1529 733 1566 761; x_wconf 81' lang='lat' dir='ltr'>de</span> <span class='ocrx_word' id='word_1_63' title='bbox 1595 733 1750 761; x_wconf 78' lang='lat' dir='ltr'>donatione</span> <span class='ocrx_word' id='word_1_64' title='bbox 1782 733 1927 760; x_wconf 85' lang='lat' dir='ltr'>redituum</span> <span class='ocrx_word' id='word_1_65' title='bbox 1962 733 2140 761; x_wconf 78' lang='lat' dir='ltr'><strong>Academiae</strong></span> 
     </span>
     <span class='ocr_line' id='line_1_10' title="bbox 351 772 563 799; baseline 0.005 -1"><span class='ocrx_word' id='word_1_66' title='bbox 351 772 563 799; x_wconf 71' lang='lat' dir='ltr'>constituenda.</span> 
     </span>
    </p>
   </div>
   <div class='ocr_carea' id='block_1_6' title="bbox 125 815 2141 2611">
    <p class='ocr_par' dir='ltr' id='par_1_6' title="bbox 125 815 2141 2611">
     <span class='ocr_line' id='line_1_11' title="bbox 261 815 2138 865; baseline 0.002 -22"><span class='ocrx_word' id='word_1_67' title='bbox 261 816 288 843; x_wconf 81' lang='lat'>8.</span> <span class='ocrx_word' id='word_1_68' title='bbox 311 815 466 842; x_wconf 83' lang='lat' dir='ltr'>Intercedit</span> <span class='ocrx_word' id='word_1_69' title='bbox 490 815 569 851; x_wconf 83' lang='lat' dir='ltr'>apud</span> <span class='ocrx_word' id='word_1_70' title='bbox 593 815 762 843; x_wconf 73' lang='lat' dir='ltr'>Mauritium</span> <span class='ocrx_word' id='word_1_71' title='bbox 786 825 838 852; x_wconf 92' lang='lat' dir='ltr'>pro</span> <span class='ocrx_word' id='word_1_72' title='bbox 862 816 942 845; x_wconf 82' lang='lat' dir='ltr'>lusto</span> <span class='ocrx_word' id='word_1_73' title='bbox 966 816 1056 851; x_wconf 86' lang='lat' dir='ltr'>Iona,</span> <span class='ocrx_word' id='word_1_74' title='bbox 1088 816 1353 865; x_wconf 79' lang='lat' dir='ltr'>Superintendente</span> <span class='ocrx_word' id='word_1_75' title='bbox 1377 817 1514 852; x_wconf 83' lang='lat' dir='ltr'>Halensi,</span> <span class='ocrx_word' id='word_1_76' title='bbox 1546 819 1591 846; x_wconf 90' lang='lat' dir='ltr'>cui</span> <span class='ocrx_word' id='word_1_77' title='bbox 1614 818 1768 846; x_wconf 81' lang='lat' dir='ltr'>Mauritius</span> <span class='ocrx_word' id='word_1_78' title='bbox 1797 818 1922 855; x_wconf 84' lang='lat' dir='ltr'>graviter</span> <span class='ocrx_word' id='word_1_79' title='bbox 1950 818 2138 848; x_wconf 84' lang='lat' dir='ltr'>irascebatur.</span> 
     </span>
     <span class='ocr_line' id='line_1_12' title="bbox 246 857 1228 896; baseline 0.003 -11"><span class='ocrx_word' id='word_1_80' title='bbox 246 858 293 886; x_wconf 80' lang='lat'>12.</span> <span class='ocrx_word' id='word_1_81' title='bbox 318 857 446 894; x_wconf 81' lang='lat' dir='ltr'>Hugelio</span> <span class='ocrx_word' id='word_1_82' title='bbox 469 858 568 885; x_wconf 72' lang='lat' dir='ltr'>scribit</span> <span class='ocrx_word' id='word_1_83' title='bbox 591 859 626 885; x_wconf 84' lang='lat' dir='ltr'>de</span> <span class='ocrx_word' id='word_1_84' title='bbox 648 858 800 885; x_wconf 59' lang='lat' dir='ltr'>diabolicis</span> <span class='ocrx_word' id='word_1_85' title='bbox 823 868 874 886; x_wconf 87' lang='lat' dir='ltr'>seu</span> <span class='ocrx_word' id='word_1_86' title='bbox 897 860 1017 896; x_wconf 83' lang='lat' dir='ltr'>magicis</span> <span class='ocrx_word' id='word_1_87' title='bbox 1047 860 1228 888; x_wconf 76' lang='lat' dir='ltr'>exorcismis.</span> 
     </span>
     <span class='ocr_line' id='line_1_13' title="bbox 318 882 2094 944; baseline 0.002 -17"><span class='ocrx_word' id='word_1_88' title='bbox 318 899 508 928; x_wconf 72' lang='lat' dir='ltr'>Commendat</span> <span class='ocrx_word' id='word_1_89' title='bbox 534 900 719 928; x_wconf 69' lang='lat' dir='ltr'>Franciscuin</span> <span class='ocrx_word' id='word_1_90' title='bbox 744 901 806 938; x_wconf 78' lang='lat' dir='ltr'>Dr)</span> <span class='ocrx_word' id='word_1_91' title='bbox 810 902 931 929; x_wconf 79' lang='lat' dir='ltr'>andrum</span> <span class='ocrx_word' id='word_1_92' title='bbox 945 882 1125 944; x_wconf 67' lang='lat' dir='ltr'>t&gt;Cranmero,</span> <span class='ocrx_word' id='word_1_93' title='bbox 1154 903 1387 940; x_wconf 81' lang='lat' dir='ltr'>Aichiepiscopo</span> <span class='ocrx_word' id='word_1_94' title='bbox 1411 902 1626 938; x_wconf 85' lang='lat' dir='ltr'>Cantuariensi,</span> <span class='ocrx_word' id='word_1_95' title='bbox 1650 908 1677 931; x_wconf 87' lang='lat' dir='ltr'>et</span> <span class='ocrx_word' id='word_1_96' title='bbox 1700 904 1837 931; x_wconf 79' lang='lat' dir='ltr'>Eduardo</span> <span class='ocrx_word' id='word_1_97' title='bbox 1861 902 1936 940; x_wconf 84' lang='lat' dir='ltr'>Regi</span> <span class='ocrx_word' id='word_1_98' title='bbox 1959 903 2094 940; x_wconf 86' lang='lat' dir='ltr'>Angliae</span> 
     </span>
     <span class='ocr_line' id='line_1_14' title="bbox 246 942 1422 984; baseline 0.003 -13"><span class='ocrx_word' id='word_1_99' title='bbox 246 945 292 972; x_wconf 82' lang='lat'>15.</span> <span class='ocrx_word' id='word_1_100' title='bbox 318 944 442 971; x_wconf 81' lang='lat' dir='ltr'>Enarrat</span> <span class='ocrx_word' id='word_1_101' title='bbox 465 944 494 970; x_wconf 88' lang='lat' dir='ltr'>in</span> <span class='ocrx_word' id='word_1_102' title='bbox 513 942 620 972; x_wconf 77' lang='lat' dir='ltr'>Schola</span> <span class='ocrx_word' id='word_1_103' title='bbox 644 944 814 971; x_wconf 77' lang='lat' dir='ltr'>dialecticen</span> <span class='ocrx_word' id='word_1_104' title='bbox 840 950 866 972; x_wconf 77' lang='lat' dir='ltr'>et</span> <span class='ocrx_word' id='word_1_105' title='bbox 888 945 990 973; x_wconf 89' lang='lat' dir='ltr'>librum</span> <span class='ocrx_word' id='word_1_106' title='bbox 1015 946 1131 974; x_wconf 78' lang='lat' dir='ltr'>Horatii</span> <span class='ocrx_word' id='word_1_107' title='bbox 1154 946 1189 973; x_wconf 77' lang='lat' dir='ltr'>de</span> <span class='ocrx_word' id='word_1_108' title='bbox 1214 952 1276 973; x_wconf 69' lang='lat' dir='ltr'>arte</span> <span class='ocrx_word' id='word_1_109' title='bbox 1298 945 1422 984; x_wconf 83' lang='lat' dir='ltr'>poetica.</span> 
     </span>
     <span class='ocr_line' id='line_1_15' title="bbox 318 986 1180 1017; baseline 0.004 -4"><span class='ocrx_word' id='word_1_110' title='bbox 318 986 475 1013; x_wconf 81' lang='lat' dir='ltr'>Redituum</span> <span class='ocrx_word' id='word_1_111' title='bbox 499 987 678 1014; x_wconf 73' lang='lat' dir='ltr'>Academiae</span> <span class='ocrx_word' id='word_1_112' title='bbox 698 988 817 1015; x_wconf 85' lang='lat' dir='ltr'>donatio</span> <span class='ocrx_word' id='word_1_113' title='bbox 840 988 999 1016; x_wconf 75' lang='lat' dir='ltr'>liberaliter</span> <span class='ocrx_word' id='word_1_114' title='bbox 1023 989 1100 1016; x_wconf 85' lang='lat' dir='ltr'>facta</span> <span class='ocrx_word' id='word_1_115' title='bbox 1128 994 1180 1017; x_wconf 77' lang='lat' dir='ltr'>est</span> 
     </span>
     <span class='ocr_line' id='line_1_16' title="bbox 243 1029 990 1067; baseline 0.001 -10"><span class='ocrx_word' id='word_1_116' title='bbox 243 1029 291 1058; x_wconf 89' lang='lat'>20.</span> <span class='ocrx_word' id='word_1_117' title='bbox 317 1029 447 1057; x_wconf 84' lang='lat' dir='ltr'>Vocatus</span> <span class='ocrx_word' id='word_1_118' title='bbox 471 1035 512 1057; x_wconf 87' lang='lat' dir='ltr'>est</span> <span class='ocrx_word' id='word_1_119' title='bbox 536 1030 565 1056; x_wconf 82' lang='lat' dir='ltr'>in</span> <span class='ocrx_word' id='word_1_120' title='bbox 589 1029 714 1057; x_wconf 79' lang='lat' dir='ltr'>Daniam</span> <span class='ocrx_word' id='word_1_121' title='bbox 739 1035 766 1057; x_wconf 89' lang='lat' dir='ltr'>et</span> <span class='ocrx_word' id='word_1_122' title='bbox 789 1031 818 1058; x_wconf 88' lang='lat' dir='ltr'>in</span> <span class='ocrx_word' id='word_1_123' title='bbox 842 1031 990 1067; x_wconf 84' lang='lat' dir='ltr'>Angliam.</span> 
     </span>
     <span class='ocr_line' id='line_1_17' title="bbox 318 1071 816 1110; baseline 0.004 -12"><span class='ocrx_word' id='word_1_124' title='bbox 318 1072 408 1099; x_wconf 79' lang='lat' dir='ltr'>Mittit</span> <span class='ocrx_word' id='word_1_125' title='bbox 433 1071 579 1107; x_wconf 80' lang='lat' dir='ltr'>„libellum</span> <span class='ocrx_word' id='word_1_126' title='bbox 603 1073 638 1100; x_wconf 88' lang='lat' dir='ltr'>de</span> <span class='ocrx_word' id='word_1_127' title='bbox 661 1071 816 1110; x_wconf 78' lang='lat' dir='ltr'>Synodis“.</span> 
     </span>
     <span class='ocr_line' id='line_1_18' title="bbox 244 1114 2136 1154; baseline 0.002 -13"><span class='ocrx_word' id='word_1_128' title='bbox 244 1114 292 1143; x_wconf 76' lang='lat'>24.</span> <span class='ocrx_word' id='word_1_129' title='bbox 316 1115 461 1152; x_wconf 81' lang='lat' dir='ltr'>Theologi</span> <span class='ocrx_word' id='word_1_130' title='bbox 485 1115 708 1152; x_wconf 79' lang='lat' dir='ltr'>Vitebergenses</span> <span class='ocrx_word' id='word_1_131' title='bbox 732 1117 905 1144; x_wconf 80' lang='lat' dir='ltr'>sententiani</span> <span class='ocrx_word' id='word_1_132' title='bbox 929 1127 1011 1145; x_wconf 82' lang='lat' dir='ltr'>suam</span> <span class='ocrx_word' id='word_1_133' title='bbox 1035 1117 1070 1144; x_wconf 91' lang='lat' dir='ltr'>de</span> <span class='ocrx_word' id='word_1_134' title='bbox 1094 1118 1217 1145; x_wconf 87' lang='lat' dir='ltr'>concilio</span> <span class='ocrx_word' id='word_1_135' title='bbox 1241 1127 1257 1144; x_wconf 85' lang='lat' dir='ltr'>a</span> <span class='ocrx_word' id='word_1_136' title='bbox 1282 1118 1365 1154; x_wconf 84' lang='lat' dir='ltr'>Papa</span> <span class='ocrx_word' id='word_1_137' title='bbox 1385 1118 1494 1146; x_wconf 89' lang='lat' dir='ltr'>indicto</span> <span class='ocrx_word' id='word_1_138' title='bbox 1518 1119 1634 1145; x_wconf 87' lang='lat' dir='ltr'>mittunt</span> <span class='ocrx_word' id='word_1_139' title='bbox 1656 1118 1693 1145; x_wconf 90' lang='lat' dir='ltr'>ad</span> <span class='ocrx_word' id='word_1_140' title='bbox 1716 1117 1896 1151; x_wconf 85' lang='lat' dir='ltr'>Mauritium,</span> <span class='ocrx_word' id='word_1_141' title='bbox 1931 1116 2044 1145; x_wconf 89' lang='lat' dir='ltr'>Ducem</span> <span class='ocrx_word' id='word_1_142' title='bbox 2067 1115 2136 1145; x_wconf 82' lang='lat' dir='ltr'>Sax.</span> 
     </span>
     <span class='ocr_line' id='line_1_19' title="bbox 127 1157 1769 1197; baseline 0.002 -12"><span class='ocrx_word' id='word_1_143' title='bbox 127 1157 211 1186; x_wconf 83' lang='lat' dir='ltr'>Febr.</span> <span class='ocrx_word' id='word_1_144' title='bbox 246 1158 292 1186; x_wconf 84' lang='lat'>16.</span> <span class='ocrx_word' id='word_1_145' title='bbox 316 1158 486 1185; x_wconf 82' lang='lat' dir='ltr'>Melanthon</span> <span class='ocrx_word' id='word_1_146' title='bbox 510 1168 527 1185; x_wconf 81' lang='lat' dir='ltr'>a</span> <span class='ocrx_word' id='word_1_147' title='bbox 549 1159 646 1186; x_wconf 82' lang='lat' dir='ltr'>multis</span> <span class='ocrx_word' id='word_1_148' title='bbox 669 1159 891 1196; x_wconf 65' lang='lat' dir='ltr'>reprehenditur</span> <span class='ocrx_word' id='word_1_149' title='bbox 915 1165 1080 1197; x_wconf 83' lang='lat' dir='ltr'>propterea,</span> <span class='ocrx_word' id='word_1_150' title='bbox 1106 1161 1182 1197; x_wconf 81' lang='lat' dir='ltr'>quod</span> <span class='ocrx_word' id='word_1_151' title='bbox 1203 1165 1299 1188; x_wconf 80' lang='lat' dir='ltr'>manet</span> <span class='ocrx_word' id='word_1_152' title='bbox 1319 1161 1348 1188; x_wconf 93' lang='lat' dir='ltr'>in</span> <span class='ocrx_word' id='word_1_153' title='bbox 1374 1161 1534 1188; x_wconf 72' lang='lat' dir='ltr'>Academia</span> <span class='ocrx_word' id='word_1_154' title='bbox 1557 1160 1769 1197; x_wconf 70' lang='lat' dir='ltr'>Vitebergensi.</span> 
     </span>
     <span class='ocr_line' id='line_1_20' title="bbox 244 1201 2141 1239; baseline 0.001 -10"><span class='ocrx_word' id='word_1_155' title='bbox 244 1202 290 1229; x_wconf 92' lang='grc'><strong>17.</strong></span> <span class='ocrx_word' id='word_1_156' title='bbox 314 1201 415 1229; x_wconf 82' lang='lat' dir='ltr'>Tradit</span> <span class='ocrx_word' id='word_1_157' title='bbox 438 1202 468 1228; x_wconf 89' lang='lat' dir='ltr'>in</span> <span class='ocrx_word' id='word_1_158' title='bbox 492 1201 594 1229; x_wconf 85' lang='lat' dir='ltr'>schola</span> <span class='ocrx_word' id='word_1_159' title='bbox 617 1202 778 1229; x_wconf 80' lang='lat' dir='ltr'>doctrinam</span> <span class='ocrx_word' id='word_1_160' title='bbox 802 1203 837 1229; x_wconf 85' lang='lat' dir='ltr'>de</span> <span class='ocrx_word' id='word_1_161' title='bbox 862 1203 1041 1239; x_wconf 77' lang='lat' dir='ltr'>poenitentia</span> <span class='ocrx_word' id='word_1_162' title='bbox 1065 1203 1203 1231; x_wconf 73' lang='lat' dir='ltr'>adversus</span> <span class='ocrx_word' id='word_1_163' title='bbox 1227 1204 1343 1230; x_wconf 86' lang='lat' dir='ltr'>decreta</span> <span class='ocrx_word' id='word_1_164' title='bbox 1366 1203 1586 1232; x_wconf 87' lang='lat' dir='ltr'>Pontificiorum</span> <span class='ocrx_word' id='word_1_165' title='bbox 1610 1203 1763 1231; x_wconf 82' lang='lat' dir='ltr'>Bononiae</span> <span class='ocrx_word' id='word_1_166' title='bbox 1798 1203 1828 1230; x_wconf 90' lang='lat' dir='ltr'>in</span> <span class='ocrx_word' id='word_1_167' title='bbox 1857 1202 1982 1231; x_wconf 87' lang='lat' dir='ltr'>concilio</span> <span class='ocrx_word' id='word_1_168' title='bbox 2005 1202 2091 1235; x_wconf 75' lang='lat' dir='ltr'>facta,</span> <span class='ocrx_word' id='word_1_169' title='bbox 2112 1208 2141 1231; x_wconf 89' lang='lat' dir='ltr'>et</span> 
     </span>
     <span class='ocr_line' id='line_1_21' title="bbox 348 1243 1342 1282; baseline 0.004 -12"><span class='ocrx_word' id='word_1_170' title='bbox 348 1243 477 1271; x_wconf 89' lang='lat' dir='ltr'>libellum</span> <span class='ocrx_word' id='word_1_171' title='bbox 499 1245 667 1280; x_wconf 76' lang='lat' dir='ltr'>germanica</span> <span class='ocrx_word' id='word_1_172' title='bbox 690 1245 788 1281; x_wconf 85' lang='lat' dir='ltr'>lingua</span> <span class='ocrx_word' id='word_1_173' title='bbox 807 1245 946 1282; x_wconf 84' lang='lat' dir='ltr'>scriptum</span> <span class='ocrx_word' id='word_1_174' title='bbox 972 1256 1005 1273; x_wconf 78' lang='lat' dir='ltr'>ea</span> <span class='ocrx_word' id='word_1_175' title='bbox 1029 1246 1064 1273; x_wconf 78' lang='lat' dir='ltr'>de</span> <span class='ocrx_word' id='word_1_176' title='bbox 1084 1255 1115 1273; x_wconf 86' lang='lat' dir='ltr'>re</span> <span class='ocrx_word' id='word_1_177' title='bbox 1139 1246 1267 1274; x_wconf 80' lang='lat' dir='ltr'>editurus</span> <span class='ocrx_word' id='word_1_178' title='bbox 1291 1251 1342 1274; x_wconf 84' lang='lat' dir='ltr'>cst.</span> 
     </span>
     <span class='ocr_line' id='line_1_22' title="bbox 315 1284 1381 1316; baseline 0.001 -2"><span class='ocrx_word' id='word_1_179' title='bbox 315 1286 441 1314; x_wconf 83' lang='lat' dir='ltr'>Enarrat</span> <span class='ocrx_word' id='word_1_180' title='bbox 464 1284 628 1315; x_wconf 67' lang='lat' dir='ltr'>Sententiae</span> <span class='ocrx_word' id='word_1_181' title='bbox 650 1286 822 1316; x_wconf 80' lang='lat' dir='ltr'>Salomonis.</span> <span class='ocrx_word' id='word_1_182' title='bbox 1375 1284 1381 1289; x_wconf 45' lang='lat'><strong>²</strong></span> 
     </span>
     <span class='ocr_line' id='line_1_23' title="bbox 240 1329 2041 1368; baseline 0.002 -12"><span class='ocrx_word' id='word_1_183' title='bbox 240 1329 287 1357; x_wconf 76' lang='lat'>20.</span> <span class='ocrx_word' id='word_1_184' title='bbox 313 1329 456 1357; x_wconf 82' lang='lat' dir='ltr'>Hortatur</span> <span class='ocrx_word' id='word_1_185' title='bbox 480 1330 677 1357; x_wconf 85' lang='lat' dir='ltr'>Marchionem</span> <span class='ocrx_word' id='word_1_186' title='bbox 703 1330 867 1358; x_wconf 85' lang='lat' dir='ltr'>Electorem</span> <span class='ocrx_word' id='word_1_187' title='bbox 889 1341 937 1367; x_wconf 84' lang='lat' dir='ltr'>per</span> <span class='ocrx_word' id='word_1_188' title='bbox 961 1329 1122 1367; x_wconf 82' lang='lat' dir='ltr'>Georgium</span> <span class='ocrx_word' id='word_1_189' title='bbox 1148 1330 1392 1364; x_wconf 64' lang='lat' dir='ltr'>Buchhoherum,</span> <span class='ocrx_word' id='word_1_190' title='bbox 1412 1336 1444 1358; x_wconf 89' lang='lat' dir='ltr'>ut</span> <span class='ocrx_word' id='word_1_191' title='bbox 1464 1331 1583 1368; x_wconf 72' lang='lat' dir='ltr'>inopiae</span> <span class='ocrx_word' id='word_1_192' title='bbox 1606 1331 1711 1358; x_wconf 81' lang='lat' dir='ltr'>viduae</span> <span class='ocrx_word' id='word_1_193' title='bbox 1734 1329 1856 1358; x_wconf 79' lang='lat' dir='ltr'>Lutheri</span> <span class='ocrx_word' id='word_1_194' title='bbox 1879 1330 2041 1359; x_wconf 78' lang='lat' dir='ltr'>subveniat.</span> 
     </span>
     <span class='ocr_line' id='line_1_24' title="bbox 242 1371 1786 1411; baseline 0.001 -12"><span class='ocrx_word' id='word_1_195' title='bbox 242 1372 289 1400; x_wconf 74' lang='lat'>24.</span> <span class='ocrx_word' id='word_1_196' title='bbox 316 1372 479 1406; x_wconf 73' lang='lat' dir='ltr'>Mauritius,</span> <span class='ocrx_word' id='word_1_197' title='bbox 503 1372 572 1400; x_wconf 82' lang='lat' dir='ltr'>Dux</span> <span class='ocrx_word' id='word_1_198' title='bbox 597 1371 714 1407; x_wconf 86' lang='lat' dir='ltr'>Saxon.,</span> <span class='ocrx_word' id='word_1_199' title='bbox 739 1377 853 1400; x_wconf 82' lang='lat' dir='ltr'>creatur</span> <span class='ocrx_word' id='word_1_200' title='bbox 872 1373 991 1401; x_wconf 77' lang='lat' dir='ltr'>Elector</span> <span class='ocrx_word' id='word_1_201' title='bbox 1009 1384 1026 1401; x_wconf 80' lang='lat' dir='ltr'>a</span> <span class='ocrx_word' id='word_1_202' title='bbox 1050 1374 1156 1402; x_wconf 88' lang='lat' dir='ltr'>Carolo</span> <span class='ocrx_word' id='word_1_203' title='bbox 1181 1373 1361 1411; x_wconf 85' lang='lat' dir='ltr'>Imperatore</span> <span class='ocrx_word' id='word_1_204' title='bbox 1384 1374 1412 1402; x_wconf 91' lang='lat' dir='ltr'>in</span> <span class='ocrx_word' id='word_1_205' title='bbox 1437 1371 1571 1402; x_wconf 86' lang='lat' dir='ltr'>Comitiis</span> <span class='ocrx_word' id='word_1_206' title='bbox 1595 1374 1786 1411; x_wconf 78' lang='lat' dir='ltr'>Augustanis.</span> 
     </span>
     <span class='ocr_line' id='line_1_25' title="bbox 243 1414 1113 1452; baseline 0.001 -9"><span class='ocrx_word' id='word_1_207' title='bbox 243 1415 291 1443; x_wconf 85' lang='lat'>26.</span> <span class='ocrx_word' id='word_1_208' title='bbox 317 1414 499 1442; x_wconf 76' lang='lat' dir='ltr'>Dialecticen</span> <span class='ocrx_word' id='word_1_209' title='bbox 524 1415 618 1450; x_wconf 79' lang='lat' dir='ltr'>mittit,</span> <span class='ocrx_word' id='word_1_210' title='bbox 643 1415 736 1452; x_wconf 87' lang='lat' dir='ltr'>qualis</span> <span class='ocrx_word' id='word_1_211' title='bbox 758 1425 836 1444; x_wconf 90' lang='lat' dir='ltr'>nunc</span> <span class='ocrx_word' id='word_1_212' title='bbox 860 1417 943 1444; x_wconf 82' lang='lat' dir='ltr'>tertio</span> <span class='ocrx_word' id='word_1_213' title='bbox 963 1417 1040 1444; x_wconf 87' lang='lat' dir='ltr'>edita</span> <span class='ocrx_word' id='word_1_214' title='bbox 1063 1421 1113 1445; x_wconf 80' lang='lat' dir='ltr'>est.</span> 
     </span>
     <span class='ocr_line' id='line_1_26' title="bbox 125 1457 1544 1497; baseline 0.002 -12"><span class='ocrx_word' id='word_1_215' title='bbox 125 1457 210 1486; x_wconf 82' lang='lat' dir='ltr'>Mart.</span> <span class='ocrx_word' id='word_1_216' title='bbox 267 1459 296 1486; x_wconf 80' lang='lat'>5.</span> <span class='ocrx_word' id='word_1_217' title='bbox 320 1457 451 1485; x_wconf 79' lang='lat' dir='ltr'>Excusat</span> <span class='ocrx_word' id='word_1_218' title='bbox 474 1467 515 1492; x_wconf 82' lang='lat' dir='ltr'>se,</span> <span class='ocrx_word' id='word_1_219' title='bbox 540 1458 617 1495; x_wconf 86' lang='lat' dir='ltr'>quod</span> <span class='ocrx_word' id='word_1_220' title='bbox 641 1459 768 1487; x_wconf 83' lang='lat' dir='ltr'>nondum</span> <span class='ocrx_word' id='word_1_221' title='bbox 791 1459 939 1496; x_wconf 78' lang='lat' dir='ltr'>scripserit</span> <span class='ocrx_word' id='word_1_222' title='bbox 962 1460 998 1488; x_wconf 85' lang='lat' dir='ltr'>ad</span> <span class='ocrx_word' id='word_1_223' title='bbox 1020 1460 1161 1487; x_wconf 85' lang='lat' dir='ltr'>Ioannem</span> <span class='ocrx_word' id='word_1_224' title='bbox 1185 1459 1365 1488; x_wconf 85' lang='lat' dir='ltr'>Fridericum</span> <span class='ocrx_word' id='word_1_225' title='bbox 1389 1461 1544 1497; x_wconf 85' lang='lat' dir='ltr'>captivum.</span> 
     </span>
     <span class='ocr_line' id='line_1_27' title="bbox 261 1500 1369 1540; baseline 0.002 -11"><span class='ocrx_word' id='word_1_226' title='bbox 261 1502 289 1529; x_wconf 72' lang='lat'>7.</span> <span class='ocrx_word' id='word_1_227' title='bbox 313 1500 428 1535; x_wconf 85' lang='lat' dir='ltr'>Scribit,</span> <span class='ocrx_word' id='word_1_228' title='bbox 452 1502 596 1537; x_wconf 87' lang='lat' dir='ltr'>quomodo</span> <span class='ocrx_word' id='word_1_229' title='bbox 620 1502 750 1529; x_wconf 83' lang='lat' dir='ltr'>sananda</span> <span class='ocrx_word' id='word_1_230' title='bbox 769 1502 807 1530; x_wconf 88' lang='lat' dir='ltr'>sit</span> <span class='ocrx_word' id='word_1_231' title='bbox 829 1502 957 1530; x_wconf 84' lang='lat' dir='ltr'>foemina</span> <span class='ocrx_word' id='word_1_232' title='bbox 979 1512 997 1530; x_wconf 83' lang='lat' dir='ltr'>a</span> <span class='ocrx_word' id='word_1_233' title='bbox 1017 1503 1122 1540; x_wconf 87' lang='lat' dir='ltr'>spiritu</span> <span class='ocrx_word' id='word_1_234' title='bbox 1146 1503 1222 1531; x_wconf 85' lang='lat' dir='ltr'>malo</span> <span class='ocrx_word' id='word_1_235' title='bbox 1255 1507 1369 1531; x_wconf 41' lang='lat' dir='ltr'>vexata.</span> 
     </span>
     <span class='ocr_line' id='line_1_28' title="bbox 240 1543 2139 1582; baseline 0.002 -11"><span class='ocrx_word' id='word_1_236' title='bbox 240 1545 285 1571; x_wconf 84' lang='lat'>17.</span> <span class='ocrx_word' id='word_1_237' title='bbox 310 1543 433 1572; x_wconf 83' lang='lat' dir='ltr'>Carolus</span> <span class='ocrx_word' id='word_1_238' title='bbox 457 1544 618 1581; x_wconf 80' lang='lat' dir='ltr'>Imperator</span> <span class='ocrx_word' id='word_1_239' title='bbox 641 1545 735 1582; x_wconf 88' lang='lat' dir='ltr'>poscit</span> <span class='ocrx_word' id='word_1_240' title='bbox 758 1555 775 1572; x_wconf 83' lang='lat' dir='ltr'>a</span> <span class='ocrx_word' id='word_1_241' title='bbox 799 1545 947 1580; x_wconf 82' lang='lat' dir='ltr'>Mauritio,</span> <span class='ocrx_word' id='word_1_242' title='bbox 971 1546 1018 1574; x_wconf 87' lang='lat' dir='ltr'>Pr.</span> <span class='ocrx_word' id='word_1_243' title='bbox 1043 1546 1187 1581; x_wconf 87' lang='lat' dir='ltr'>Electore‚</span> <span class='ocrx_word' id='word_1_244' title='bbox 1212 1551 1242 1574; x_wconf 90' lang='lat' dir='ltr'>ut</span> <span class='ocrx_word' id='word_1_245' title='bbox 1261 1546 1431 1574; x_wconf 87' lang='lat' dir='ltr'>Melanthon</span> <span class='ocrx_word' id='word_1_246' title='bbox 1456 1546 1511 1582; x_wconf 88' lang='lat' dir='ltr'>ipsi</span> <span class='ocrx_word' id='word_1_247' title='bbox 1536 1545 1674 1580; x_wconf 87' lang='lat' dir='ltr'>tradatur,</span> <span class='ocrx_word' id='word_1_248' title='bbox 1708 1545 1784 1581; x_wconf 87' lang='lat' dir='ltr'>quod</span> <span class='ocrx_word' id='word_1_249' title='bbox 1820 1544 1968 1581; x_wconf 81' lang='lat' dir='ltr'>scripserit</span> <span class='ocrx_word' id='word_1_250' title='bbox 2000 1544 2139 1574; x_wconf 78' lang='lat' dir='ltr'>adversus</span> 
     </span>
     <span class='ocr_line' id='line_1_29' title="bbox 346 1585 733 1616; baseline 0.003 -2"><span class='ocrx_word' id='word_1_251' title='bbox 346 1585 520 1614; x_wconf 74' lang='lat' dir='ltr'>Caesaream</span> <span class='ocrx_word' id='word_1_252' title='bbox 543 1588 733 1616; x_wconf 84' lang='lat' dir='ltr'>Maiestatem.</span> 
     </span>
     <span class='ocr_line' id='line_1_30' title="bbox 239 1628 2139 1669; baseline 0 -12"><span class='ocrx_word' id='word_1_253' title='bbox 239 1630 288 1658; x_wconf 74' lang='lat'>25.</span> <span class='ocrx_word' id='word_1_254' title='bbox 311 1630 482 1658; x_wconf 87' lang='lat' dir='ltr'>Melanthon</span> <span class='ocrx_word' id='word_1_255' title='bbox 506 1630 633 1658; x_wconf 81' lang='lat' dir='ltr'>Mauritii</span> <span class='ocrx_word' id='word_1_256' title='bbox 659 1631 748 1658; x_wconf 84' lang='lat' dir='ltr'>Elect.</span> <span class='ocrx_word' id='word_1_257' title='bbox 771 1632 908 1660; x_wconf 73' lang='lat' dir='ltr'>mandato</span> <span class='ocrx_word' id='word_1_258' title='bbox 932 1637 1049 1660; x_wconf 83' lang='lat' dir='ltr'>vocatus</span> <span class='ocrx_word' id='word_1_259' title='bbox 1071 1639 1126 1666; x_wconf 79' lang='lat' dir='ltr'>est,</span> <span class='ocrx_word' id='word_1_260' title='bbox 1156 1638 1188 1659; x_wconf 88' lang='lat' dir='ltr'>ut</span> <span class='ocrx_word' id='word_1_261' title='bbox 1210 1641 1274 1659; x_wconf 89' lang='lat' dir='ltr'>cum</span> <span class='ocrx_word' id='word_1_262' title='bbox 1297 1631 1467 1669; x_wconf 84' lang='lat' dir='ltr'>Crucigero,</span> <span class='ocrx_word' id='word_1_263' title='bbox 1500 1631 1612 1659; x_wconf 81' lang='lat' dir='ltr'>Maiore</span> <span class='ocrx_word' id='word_1_264' title='bbox 1635 1636 1663 1658; x_wconf 86' lang='lat' dir='ltr'>et</span> <span class='ocrx_word' id='word_1_265' title='bbox 1685 1630 1875 1667; x_wconf 81' lang='lat' dir='ltr'>Pfcffingero,</span> <span class='ocrx_word' id='word_1_266' title='bbox 1910 1629 2046 1666; x_wconf 86' lang='lat' dir='ltr'>theologo</span> <span class='ocrx_word' id='word_1_267' title='bbox 2068 1628 2139 1667; x_wconf 91' lang='lat' dir='ltr'>Lip-</span> 
     </span>
     <span class='ocr_line' id='line_1_31' title="bbox 347 1672 2072 1712; baseline 0 -12"><span class='ocrx_word' id='word_1_268' title='bbox 347 1673 444 1708; x_wconf 89' lang='lat' dir='ltr'>siensi,</span> <span class='ocrx_word' id='word_1_269' title='bbox 469 1672 620 1710; x_wconf 86' lang='lat' dir='ltr'>Cygneam</span> <span class='ocrx_word' id='word_1_270' title='bbox 644 1674 856 1711; x_wconf 84' lang='lat' dir='ltr'>proficiscatur,</span> <span class='ocrx_word' id='word_1_271' title='bbox 880 1685 938 1712; x_wconf 88' lang='lat' dir='ltr'>quo</span> <span class='ocrx_word' id='word_1_272' title='bbox 958 1675 1111 1703; x_wconf 83' lang='lat' dir='ltr'>Mauritius</span> <span class='ocrx_word' id='word_1_273' title='bbox 1134 1684 1168 1703; x_wconf 88' lang='lat' dir='ltr'>eo</span> <span class='ocrx_word' id='word_1_274' title='bbox 1191 1674 1304 1702; x_wconf 84' lang='lat' dir='ltr'>facilius</span> <span class='ocrx_word' id='word_1_275' title='bbox 1334 1675 1495 1703; x_wconf 75' lang='lat' dir='ltr'>deliberare</span> <span class='ocrx_word' id='word_1_276' title='bbox 1514 1673 1609 1711; x_wconf 82' lang='lat' dir='ltr'>possit</span> <span class='ocrx_word' id='word_1_277' title='bbox 1634 1683 1698 1701; x_wconf 89' lang='lat' dir='ltr'>cum</span> <span class='ocrx_word' id='word_1_278' title='bbox 1726 1673 1762 1701; x_wconf 85' lang='lat' dir='ltr'>iis</span> <span class='ocrx_word' id='word_1_279' title='bbox 1785 1673 1820 1701; x_wconf 90' lang='lat' dir='ltr'>de</span> <span class='ocrx_word' id='word_1_280' title='bbox 1843 1673 1917 1701; x_wconf 90' lang='lat' dir='ltr'>libro</span> <span class='ocrx_word' id='word_1_281' title='bbox 1942 1672 2072 1701; x_wconf 86' lang='lat' dir='ltr'>Interim.</span> 
     </span>
     <span class='ocr_line' id='line_1_32' title="bbox 238 1715 1844 1755; baseline 0 -12"><span class='ocrx_word' id='word_1_282' title='bbox 238 1716 287 1745; x_wconf 74' lang='lat'>28.</span> <span class='ocrx_word' id='word_1_283' title='bbox 311 1715 437 1743; x_wconf 80' lang='lat' dir='ltr'>Io.uines</span> <span class='ocrx_word' id='word_1_284' title='bbox 457 1717 597 1753; x_wconf 78' lang='lat' dir='ltr'>Agricola</span> <span class='ocrx_word' id='word_1_285' title='bbox 619 1716 723 1745; x_wconf 87' lang='lat' dir='ltr'>librum</span> <span class='ocrx_word' id='word_1_286' title='bbox 742 1717 874 1751; x_wconf 86' lang='lat' dir='ltr'>Interim,</span> <span class='ocrx_word' id='word_1_287' title='bbox 912 1718 947 1745; x_wconf 87' lang='lat' dir='ltr'>ab</span> <span class='ocrx_word' id='word_1_288' title='bbox 971 1719 1035 1755; x_wconf 89' lang='lat' dir='ltr'>ipso</span> <span class='ocrx_word' id='word_1_289' title='bbox 1058 1727 1124 1745; x_wconf 90' lang='lat' dir='ltr'>cum</span> <span class='ocrx_word' id='word_1_290' title='bbox 1147 1718 1212 1746; x_wconf 86' lang='lat' dir='ltr'>aliis</span> <span class='ocrx_word' id='word_1_291' title='bbox 1236 1718 1479 1749; x_wconf 85' lang='lat' dir='ltr'>consarcinatum,</span> <span class='ocrx_word' id='word_1_292' title='bbox 1503 1716 1590 1753; x_wconf 85' lang='lat' dir='ltr'>pleno</span> <span class='ocrx_word' id='word_1_293' title='bbox 1615 1726 1664 1744; x_wconf 89' lang='lat' dir='ltr'>ore</span> <span class='ocrx_word' id='word_1_294' title='bbox 1688 1716 1844 1753; x_wconf 86' lang='lat' dir='ltr'>praedicat.</span> 
     </span>
     <span class='ocr_line' id='line_1_33' title="bbox 239 1758 2138 1797; baseline 0 -11"><span class='ocrx_word' id='word_1_295' title='bbox 239 1759 287 1788; x_wconf 84' lang='lat'>29.</span> <span class='ocrx_word' id='word_1_296' title='bbox 313 1758 348 1786; x_wconf 91' lang='lat' dir='ltr'>In</span> <span class='ocrx_word' id='word_1_297' title='bbox 371 1759 475 1786; x_wconf 82' lang='lat' dir='ltr'>itinere</span> <span class='ocrx_word' id='word_1_298' title='bbox 499 1770 562 1787; x_wconf 80' lang='lat' dir='ltr'>cum</span> <span class='ocrx_word' id='word_1_299' title='bbox 587 1759 730 1796; x_wconf 77' lang='lat' dir='ltr'>theologis</span> <span class='ocrx_word' id='word_1_300' title='bbox 748 1761 923 1797; x_wconf 77' lang='lat' dir='ltr'>Altenburgi</span> <span class='ocrx_word' id='word_1_301' title='bbox 947 1767 999 1789; x_wconf 64' lang='lat' dir='ltr'>est.</span> <span class='ocrx_word' id='word_1_302' title='bbox 1045 1760 1089 1788; x_wconf 86' lang='lat' dir='ltr'>Ibi</span> <span class='ocrx_word' id='word_1_303' title='bbox 1113 1761 1139 1788; x_wconf 87' lang='lat' dir='ltr'>ei</span> <span class='ocrx_word' id='word_1_304' title='bbox 1162 1761 1312 1789; x_wconf 85' lang='lat' dir='ltr'>nuntiatur</span> <span class='ocrx_word' id='word_1_305' title='bbox 1334 1761 1378 1788; x_wconf 89' lang='lat' dir='ltr'>ira</span> <span class='ocrx_word' id='word_1_306' title='bbox 1400 1759 1544 1797; x_wconf 77' lang='lat' dir='ltr'>Caesaris,</span> <span class='ocrx_word' id='word_1_307' title='bbox 1569 1759 1615 1787; x_wconf 89' lang='lat' dir='ltr'>cui</span> <span class='ocrx_word' id='word_1_308' title='bbox 1637 1764 1667 1787; x_wconf 93' lang='lat' dir='ltr'>ut</span> <span class='ocrx_word' id='word_1_309' title='bbox 1696 1768 1727 1787; x_wconf 87' lang='lat' dir='ltr'>se</span> <span class='ocrx_word' id='word_1_310' title='bbox 1757 1759 1945 1793; x_wconf 86' lang='lat' dir='ltr'>subduceret,</span> <span class='ocrx_word' id='word_1_311' title='bbox 1974 1758 2095 1787; x_wconf 85' lang='lat' dir='ltr'>discedit</span> <span class='ocrx_word' id='word_1_312' title='bbox 2120 1768 2138 1787; x_wconf 76' lang='lat' dir='ltr'>a</span> 
     </span>
     <span class='ocr_line' id='line_1_34' title="bbox 348 1801 1659 1838; baseline 0.001 -10"><span class='ocrx_word' id='word_1_313' title='bbox 348 1802 502 1838; x_wconf 71' lang='lat' dir='ltr'>theologis,</span> <span class='ocrx_word' id='word_1_314' title='bbox 527 1808 554 1829; x_wconf 80' lang='lat' dir='ltr'>et</span> <span class='ocrx_word' id='word_1_315' title='bbox 578 1803 656 1830; x_wconf 83' lang='lat' dir='ltr'>iussu</span> <span class='ocrx_word' id='word_1_316' title='bbox 678 1803 804 1830; x_wconf 85' lang='lat' dir='ltr'>Mauritii</span> <span class='ocrx_word' id='word_1_317' title='bbox 830 1813 860 1831; x_wconf 83' lang='lat' dir='ltr'>se</span> <span class='ocrx_word' id='word_1_318' title='bbox 884 1804 994 1831; x_wconf 66' lang='lat' dir='ltr'>confert</span> <span class='ocrx_word' id='word_1_319' title='bbox 1018 1804 1048 1831; x_wconf 90' lang='lat' dir='ltr'>in</span> <span class='ocrx_word' id='word_1_320' title='bbox 1072 1804 1280 1832; x_wconf 76' lang='lat' dir='ltr'>monasterium</span> <span class='ocrx_word' id='word_1_321' title='bbox 1304 1801 1467 1831; x_wconf 79' lang='lat' dir='ltr'>Cellensem</span> <span class='ocrx_word' id='word_1_322' title='bbox 1492 1803 1520 1830; x_wconf 89' lang='lat' dir='ltr'>in</span> <span class='ocrx_word' id='word_1_323' title='bbox 1546 1803 1659 1830; x_wconf 87' lang='lat' dir='ltr'>Misnia.</span> 
     </span>
     <span class='ocr_line' id='line_1_35' title="bbox 265 1844 1129 1882; baseline 0.003 -11"><span class='ocrx_word' id='word_1_324' title='bbox 265 1847 288 1872; x_wconf 94' lang='grc'><strong>1.</strong></span> <span class='ocrx_word' id='word_1_325' title='bbox 315 1844 511 1872; x_wconf 71' lang='lat' dir='ltr'>Melanthonis</span> <span class='ocrx_word' id='word_1_326' title='bbox 534 1845 672 1872; x_wconf 81' lang='lat' dir='ltr'>iudicium</span> <span class='ocrx_word' id='word_1_327' title='bbox 697 1846 821 1882; x_wconf 79' lang='lat' dir='ltr'>primuni</span> <span class='ocrx_word' id='word_1_328' title='bbox 845 1847 879 1873; x_wconf 79' lang='lat' dir='ltr'>de</span> <span class='ocrx_word' id='word_1_329' title='bbox 904 1847 977 1874; x_wconf 89' lang='lat' dir='ltr'>libro</span> <span class='ocrx_word' id='word_1_330' title='bbox 1002 1846 1129 1874; x_wconf 84' lang='lat' dir='ltr'>Interim.</span> 
     </span>
     <span class='ocr_line' id='line_1_36' title="bbox 262 1887 649 1915; baseline -0.003 0"><span class='ocrx_word' id='word_1_331' title='bbox 262 1888 286 1915; x_wconf 72' lang='grc'>2.</span> <span class='ocrx_word' id='word_1_332' title='bbox 311 1887 508 1915; x_wconf 81' lang='lat' dir='ltr'>Proficiscitur</span> <span class='ocrx_word' id='word_1_333' title='bbox 528 1887 649 1915; x_wconf 57' lang='lat' dir='ltr'>Cellani.</span> 
     </span>
     <span class='ocr_line' id='line_1_37' title="bbox 266 1929 1010 1965; baseline 0 -8"><span class='ocrx_word' id='word_1_334' title='bbox 266 1932 292 1958; x_wconf 80' lang='lat'>5.</span> <span class='ocrx_word' id='word_1_335' title='bbox 315 1929 366 1957; x_wconf 81' lang='lat' dir='ltr'>Est</span> <span class='ocrx_word' id='word_1_336' title='bbox 390 1930 523 1965; x_wconf 80' lang='lat' dir='ltr'>Misniae,</span> <span class='ocrx_word' id='word_1_337' title='bbox 544 1930 591 1957; x_wconf 82' lang='lat' dir='ltr'>ubi</span> <span class='ocrx_word' id='word_1_338' title='bbox 616 1929 740 1958; x_wconf 78' lang='lat' dir='ltr'>Senatus</span> <span class='ocrx_word' id='word_1_339' title='bbox 764 1931 789 1958; x_wconf 85' lang='lat' dir='ltr'>ei</span> <span class='ocrx_word' id='word_1_340' title='bbox 813 1932 861 1958; x_wconf 88' lang='lat' dir='ltr'>dat</span> <span class='ocrx_word' id='word_1_341' title='bbox 885 1942 1010 1959; x_wconf 90' lang='lat' dir='ltr'>currum.</span> 
     </span>
     <span class='ocr_line' id='line_1_38' title="bbox 242 1971 1180 2009; baseline 0.001 -8"><span class='ocrx_word' id='word_1_342' title='bbox 242 1975 289 2001; x_wconf 83' lang='lat'>10.</span> <span class='ocrx_word' id='word_1_343' title='bbox 312 1971 431 2001; x_wconf 86' lang='lat' dir='ltr'>Scribit:</span> <span class='ocrx_word' id='word_1_344' title='bbox 453 1973 507 2009; x_wconf 72' lang='lat' dir='ltr'>„de</span> <span class='ocrx_word' id='word_1_345' title='bbox 532 1984 576 2000; x_wconf 81' lang='lat' dir='ltr'>me</span> <span class='ocrx_word' id='word_1_346' title='bbox 599 1973 725 2002; x_wconf 84' lang='lat' dir='ltr'>tollendo</span> <span class='ocrx_word' id='word_1_347' title='bbox 748 1974 805 2001; x_wconf 79' lang='lat' dir='ltr'>iani</span> <span class='ocrx_word' id='word_1_348' title='bbox 829 1980 872 2001; x_wconf 86' lang='lat' dir='ltr'>ter</span> <span class='ocrx_word' id='word_1_349' title='bbox 895 1975 1084 2002; x_wconf 79' lang='lat' dir='ltr'>deliberatum</span> <span class='ocrx_word' id='word_1_350' title='bbox 1109 1977 1180 2002; x_wconf 86' lang='lat' dir='ltr'>est.“</span> 
     </span>
     <span class='ocr_line' id='line_1_39' title="bbox 243 2015 1949 2053; baseline 0 -10"><span class='ocrx_word' id='word_1_351' title='bbox 243 2017 290 2043; x_wconf 81' lang='lat'>13.</span> <span class='ocrx_word' id='word_1_352' title='bbox 314 2016 403 2043; x_wconf 86' lang='lat' dir='ltr'>Mittit</span> <span class='ocrx_word' id='word_1_353' title='bbox 422 2015 579 2052; x_wconf 85' lang='lat' dir='ltr'>Crucigero</span> <span class='ocrx_word' id='word_1_354' title='bbox 603 2022 629 2043; x_wconf 88' lang='lat' dir='ltr'>et</span> <span class='ocrx_word' id='word_1_355' title='bbox 654 2016 773 2053; x_wconf 78' lang='lat' dir='ltr'>collegis</span> <span class='ocrx_word' id='word_1_356' title='bbox 797 2017 935 2045; x_wconf 87' lang='lat' dir='ltr'>iudicium</span> <span class='ocrx_word' id='word_1_357' title='bbox 960 2018 1116 2045; x_wconf 88' lang='lat' dir='ltr'>secundum</span> <span class='ocrx_word' id='word_1_358' title='bbox 1141 2018 1176 2045; x_wconf 91' lang='lat' dir='ltr'>de</span> <span class='ocrx_word' id='word_1_359' title='bbox 1199 2017 1272 2045; x_wconf 87' lang='lat' dir='ltr'>libro</span> <span class='ocrx_word' id='word_1_360' title='bbox 1292 2017 1423 2052; x_wconf 76' lang='lat' dir='ltr'>Interim,</span> <span class='ocrx_word' id='word_1_361' title='bbox 1445 2018 1481 2044; x_wconf 86' lang='lat' dir='ltr'>ad</span> <span class='ocrx_word' id='word_1_362' title='bbox 1503 2016 1671 2044; x_wconf 88' lang='lat' dir='ltr'>Mauritium</span> <span class='ocrx_word' id='word_1_363' title='bbox 1690 2016 1949 2044; x_wconf 85' lang='lat' dir='ltr'>transmittendum.</span> 
     </span>
     <span class='ocr_line' id='line_1_40' title="bbox 242 2056 2137 2097; baseline 0 -11"><span class='ocrx_word' id='word_1_364' title='bbox 242 2059 288 2087; x_wconf 86' lang='lat'>17.</span> <span class='ocrx_word' id='word_1_365' title='bbox 313 2056 423 2086; x_wconf 86' lang='lat' dir='ltr'>Cellam</span> <span class='ocrx_word' id='word_1_366' title='bbox 445 2060 560 2086; x_wconf 78' lang='lat' dir='ltr'>veniunt</span> <span class='ocrx_word' id='word_1_367' title='bbox 596 2060 682 2086; x_wconf 77' lang='lat' dir='ltr'>etiam</span> <span class='ocrx_word' id='word_1_368' title='bbox 715 2058 867 2097; x_wconf 83' lang='lat' dir='ltr'>Crucigcr,</span> <span class='ocrx_word' id='word_1_369' title='bbox 895 2061 990 2088; x_wconf 80' lang='lat' dir='ltr'>Maior</span> <span class='ocrx_word' id='word_1_370' title='bbox 1018 2065 1045 2087; x_wconf 86' lang='lat' dir='ltr'>et</span> <span class='ocrx_word' id='word_1_371' title='bbox 1070 2059 1271 2097; x_wconf 77' lang='lat' dir='ltr'>Pfet&#39;fingerus,</span> <span class='ocrx_word' id='word_1_372' title='bbox 1307 2065 1335 2087; x_wconf 88' lang='lat' dir='ltr'>ut</span> <span class='ocrx_word' id='word_1_373' title='bbox 1371 2060 1545 2087; x_wconf 72' lang='lat' dir='ltr'>sentent-iam</span> <span class='ocrx_word' id='word_1_374' title='bbox 1573 2068 1654 2087; x_wconf 83' lang='lat' dir='ltr'>suam</span> <span class='ocrx_word' id='word_1_375' title='bbox 1688 2059 1723 2087; x_wconf 90' lang='lat' dir='ltr'>de</span> <span class='ocrx_word' id='word_1_376' title='bbox 1753 2058 1874 2086; x_wconf 83' lang='lat' dir='ltr'>Interim</span> <span class='ocrx_word' id='word_1_377' title='bbox 1908 2057 2050 2095; x_wconf 80' lang='lat' dir='ltr'>prolixius</span> <span class='ocrx_word' id='word_1_378' title='bbox 2069 2067 2137 2086; x_wconf 87' lang='lat' dir='ltr'>con-</span> 
     </span>
     <span class='ocr_line' id='line_1_41' title="bbox 348 2102 485 2130; baseline 0 -1"><span class='ocrx_word' id='word_1_379' title='bbox 348 2102 485 2130; x_wconf 78' lang='lat' dir='ltr'>scribant.</span> 
     </span>
     <span class='ocr_line' id='line_1_42' title="bbox 314 2144 1751 2182; baseline 0 -10"><span class='ocrx_word' id='word_1_380' title='bbox 314 2144 433 2172; x_wconf 83' lang='lat' dir='ltr'>Brentio</span> <span class='ocrx_word' id='word_1_381' title='bbox 455 2145 568 2173; x_wconf 82' lang='lat' dir='ltr'>scribit:</span> <span class='ocrx_word' id='word_1_382' title='bbox 594 2153 668 2182; x_wconf 56' lang='lat' dir='ltr'>„ego</span> <span class='ocrx_word' id='word_1_383' title='bbox 687 2154 780 2173; x_wconf 88' lang='lat' dir='ltr'>annos</span> <span class='ocrx_word' id='word_1_384' title='bbox 804 2145 966 2181; x_wconf 86' lang='lat' dir='ltr'>quindecim</span> <span class='ocrx_word' id='word_1_385' title='bbox 991 2146 1080 2173; x_wconf 76' lang='lat' dir='ltr'>exilia</span> <span class='ocrx_word' id='word_1_386' title='bbox 1103 2146 1231 2182; x_wconf 79' lang='lat' dir='ltr'>quotidie</span> <span class='ocrx_word' id='word_1_387' title='bbox 1253 2146 1403 2182; x_wconf 79' lang='lat' dir='ltr'>expectavi</span> <span class='ocrx_word' id='word_1_388' title='bbox 1426 2151 1453 2173; x_wconf 90' lang='lat' dir='ltr'>et</span> <span class='ocrx_word' id='word_1_389' title='bbox 1475 2145 1569 2173; x_wconf 85' lang='lat' dir='ltr'>adhuc</span> <span class='ocrx_word' id='word_1_390' title='bbox 1599 2146 1751 2181; x_wconf 77' lang='lat' dir='ltr'>expecto-‘⁴</span> 
     </span>
     <span class='ocr_line' id='line_1_43' title="bbox 319 2186 2136 2226; baseline -0.001 -10"><span class='ocrx_word' id='word_1_391' title='bbox 319 2186 419 2216; x_wconf 87' lang='lat' dir='ltr'>Cellae</span> <span class='ocrx_word' id='word_1_392' title='bbox 442 2188 650 2225; x_wconf 83' lang='lat' dir='ltr'>praefationem</span> <span class='ocrx_word' id='word_1_393' title='bbox 674 2188 773 2216; x_wconf 87' lang='lat' dir='ltr'>scribit</span> <span class='ocrx_word' id='word_1_394' title='bbox 797 2189 824 2215; x_wconf 86' lang='lat' dir='ltr'>iu</span> <span class='ocrx_word' id='word_1_395' title='bbox 850 2188 934 2216; x_wconf 86' lang='lat' dir='ltr'>Pauli</span> <span class='ocrx_word' id='word_1_396' title='bbox 956 2188 1044 2216; x_wconf 88' lang='lat' dir='ltr'>Eberi</span> <span class='ocrx_word' id='word_1_397' title='bbox 1067 2189 1218 2216; x_wconf 85' lang='lat' dir='ltr'>historiam</span> <span class='ocrx_word' id='word_1_398' title='bbox 1242 2189 1337 2226; x_wconf 84' lang='lat' dir='ltr'>gentis</span> <span class='ocrx_word' id='word_1_399' title='bbox 1360 2188 1534 2217; x_wconf 86' lang='lat' dir='ltr'>Iudaeorum</span> <span class='ocrx_word' id='word_1_400' title='bbox 1564 2189 1631 2216; x_wconf 87' lang='lat' dir='ltr'>inde</span> <span class='ocrx_word' id='word_1_401' title='bbox 1649 2188 1685 2215; x_wconf 86' lang='lat' dir='ltr'>ab</span> <span class='ocrx_word' id='word_1_402' title='bbox 1709 2187 1799 2214; x_wconf 84' lang='lat' dir='ltr'>exilio</span> <span class='ocrx_word' id='word_1_403' title='bbox 1822 2194 1914 2222; x_wconf 88' lang='lat' dir='ltr'>usque</span> <span class='ocrx_word' id='word_1_404' title='bbox 1935 2186 1971 2214; x_wconf 86' lang='lat' dir='ltr'>ad</span> <span class='ocrx_word' id='word_1_405' title='bbox 1991 2186 2136 2214; x_wconf 83' lang='lat' dir='ltr'>excidium</span> 
     </span>
     <span class='ocr_line' id='line_1_44' title="bbox 351 2229 629 2268; baseline 0 -10"><span class='ocrx_word' id='word_1_406' title='bbox 351 2229 629 2268; x_wconf 79' lang='lat' dir='ltr'>Hierosolymorum.</span> 
     </span>
     <span class='ocr_line' id='line_1_45' title="bbox 245 2269 2135 2312; baseline -0.001 -11"><span class='ocrx_word' id='word_1_407' title='bbox 245 2273 293 2301; x_wconf 90' lang='lat'>23.</span> <span class='ocrx_word' id='word_1_408' title='bbox 317 2272 442 2301; x_wconf 82' lang='lat' dir='ltr'>Gratum</span> <span class='ocrx_word' id='word_1_409' title='bbox 465 2274 593 2301; x_wconf 83' lang='lat' dir='ltr'>animum</span> <span class='ocrx_word' id='word_1_410' title='bbox 617 2274 770 2311; x_wconf 83' lang='lat' dir='ltr'>profitetur</span> <span class='ocrx_word' id='word_1_411' title='bbox 793 2282 862 2310; x_wconf 87' lang='lat' dir='ltr'>erga</span> <span class='ocrx_word' id='word_1_412' title='bbox 885 2273 1152 2311; x_wconf 80' lang='lat' dir='ltr'>Obernburgerum,</span> <span class='ocrx_word' id='word_1_413' title='bbox 1176 2273 1311 2303; x_wconf 88' lang='lat' dir='ltr'>Caesaris</span> <span class='ocrx_word' id='word_1_414' title='bbox 1334 2274 1558 2308; x_wconf 80' lang='lat' dir='ltr'>cancellarium,</span> <span class='ocrx_word' id='word_1_415' title='bbox 1582 2274 1631 2312; x_wconf 92' lang='lat' dir='ltr'>qui</span> <span class='ocrx_word' id='word_1_416' title='bbox 1654 2274 1680 2300; x_wconf 89' lang='lat' dir='ltr'>ei</span> <span class='ocrx_word' id='word_1_417' title='bbox 1703 2272 1871 2310; x_wconf 89' lang='lat' dir='ltr'>periculum,</span> <span class='ocrx_word' id='word_1_418' title='bbox 1894 2281 1911 2299; x_wconf 87' lang='lat' dir='ltr'>a</span> <span class='ocrx_word' id='word_1_419' title='bbox 1934 2269 2061 2300; x_wconf 83' lang='lat' dir='ltr'>Caesare</span> <span class='ocrx_word' id='word_1_420' title='bbox 2083 2272 2135 2299; x_wconf 84' lang='lat' dir='ltr'>im-</span> 
     </span>
     <span class='ocr_line' id='line_1_46' title="bbox 350 2316 717 2353; baseline 0 -9"><span class='ocrx_word' id='word_1_421' title='bbox 350 2317 473 2351; x_wconf 68' lang='lat' dir='ltr'>minens,</span> <span class='ocrx_word' id='word_1_422' title='bbox 496 2316 717 2353; x_wconf 79' lang='lat' dir='ltr'>significaverat.</span> 
     </span>
     <span class='ocr_line' id='line_1_47' title="bbox 244 2359 1350 2397; baseline 0.001 -10"><span class='ocrx_word' id='word_1_423' title='bbox 244 2359 293 2387; x_wconf 84' lang='lat'>24.</span> <span class='ocrx_word' id='word_1_424' title='bbox 315 2359 457 2387; x_wconf 85' lang='lat' dir='ltr'>Iudicium</span> <span class='ocrx_word' id='word_1_425' title='bbox 482 2360 595 2387; x_wconf 87' lang='lat' dir='ltr'>tertium</span> <span class='ocrx_word' id='word_1_426' title='bbox 620 2360 656 2387; x_wconf 91' lang='lat' dir='ltr'>de</span> <span class='ocrx_word' id='word_1_427' title='bbox 677 2359 751 2388; x_wconf 75' lang='lat' dir='ltr'>libro</span> <span class='ocrx_word' id='word_1_428' title='bbox 774 2360 946 2397; x_wconf 83' lang='lat' dir='ltr'>Augustano</span> <span class='ocrx_word' id='word_1_429' title='bbox 970 2360 1006 2387; x_wconf 85' lang='lat' dir='ltr'>ad</span> <span class='ocrx_word' id='word_1_430' title='bbox 1031 2360 1196 2388; x_wconf 80' lang='lat' dir='ltr'>Mauritium</span> <span class='ocrx_word' id='word_1_431' title='bbox 1220 2361 1350 2389; x_wconf 86' lang='lat' dir='ltr'>mittitur.</span> 
     </span>
     <span class='ocr_line' id='line_1_48' title="bbox 317 2402 817 2440; baseline 0.002 -11"><span class='ocrx_word' id='word_1_432' title='bbox 317 2402 486 2430; x_wconf 84' lang='lat' dir='ltr'>Melanthon</span> <span class='ocrx_word' id='word_1_433' title='bbox 510 2403 696 2440; x_wconf 58' lang='lat' dir='ltr'>Vitebvrgam</span> <span class='ocrx_word' id='word_1_434' title='bbox 724 2403 817 2430; x_wconf 85' lang='lat' dir='ltr'>rediit.</span> 
     </span>
     <span class='ocr_line' id='line_1_49' title="bbox 247 2443 2135 2483; baseline -0.001 -10"><span class='ocrx_word' id='word_1_435' title='bbox 247 2445 296 2473; x_wconf 91' lang='lat'>28.</span> <span class='ocrx_word' id='word_1_436' title='bbox 319 2443 427 2473; x_wconf 85' lang='lat' dir='ltr'>Scribit</span> <span class='ocrx_word' id='word_1_437' title='bbox 449 2446 602 2483; x_wconf 83' lang='lat' dir='ltr'>epistolam</span> <span class='ocrx_word' id='word_1_438' title='bbox 625 2455 742 2482; x_wconf 79' lang='lat' dir='ltr'>gravem</span> <span class='ocrx_word' id='word_1_439' title='bbox 766 2445 803 2473; x_wconf 87' lang='lat' dir='ltr'>ad</span> <span class='ocrx_word' id='word_1_440' title='bbox 824 2444 1064 2482; x_wconf 88' lang='lat' dir='ltr'>Christophorum</span> <span class='ocrx_word' id='word_1_441' title='bbox 1090 2455 1107 2473; x_wconf 82' lang='lat' dir='ltr'>a</span> <span class='ocrx_word' id='word_1_442' title='bbox 1130 2443 1286 2474; x_wconf 85' lang='lat' dir='ltr'>Carlowitz</span> <span class='ocrx_word' id='word_1_443' title='bbox 1311 2447 1347 2473; x_wconf 92' lang='lat' dir='ltr'>de</span> <span class='ocrx_word' id='word_1_444' title='bbox 1367 2446 1522 2474; x_wconf 82' lang='lat' dir='ltr'>Lutheri</span> <span class='ocrx_word' id='word_1_445' title='bbox 1557 2452 1659 2473; x_wconf 80' lang='lat' dir='ltr'>natura</span> <span class='ocrx_word' id='word_1_446' title='bbox 1695 2450 1723 2472; x_wconf 81' lang='lat' dir='ltr'>et</span> <span class='ocrx_word' id='word_1_447' title='bbox 1755 2444 1868 2478; x_wconf 83' lang='lat' dir='ltr'>indole,</span> <span class='ocrx_word' id='word_1_448' title='bbox 1903 2449 2021 2481; x_wconf 86' lang='lat' dir='ltr'>propter</span> <span class='ocrx_word' id='word_1_449' title='bbox 2047 2452 2135 2480; x_wconf 81' lang='lat' dir='ltr'>quam</span> 
     </span>
     <span class='ocr_line' id='line_1_50' title="bbox 351 2488 1367 2525; baseline 0 -9"><span class='ocrx_word' id='word_1_450' title='bbox 351 2494 453 2525; x_wconf 84' lang='lat' dir='ltr'>postea</span> <span class='ocrx_word' id='word_1_451' title='bbox 475 2488 511 2515; x_wconf 87' lang='lat' dir='ltr'>ab</span> <span class='ocrx_word' id='word_1_452' title='bbox 535 2489 658 2516; x_wconf 78' lang='lat' dir='ltr'>adseclis</span> <span class='ocrx_word' id='word_1_453' title='bbox 679 2488 800 2516; x_wconf 87' lang='lat' dir='ltr'>Lutheri</span> <span class='ocrx_word' id='word_1_454' title='bbox 823 2489 872 2516; x_wconf 87' lang='lat' dir='ltr'>diu</span> <span class='ocrx_word' id='word_1_455' title='bbox 896 2493 924 2516; x_wconf 86' lang='lat' dir='ltr'>et</span> <span class='ocrx_word' id='word_1_456' title='bbox 947 2489 1074 2525; x_wconf 78' lang='lat' dir='ltr'>graviter</span> <span class='ocrx_word' id='word_1_457' title='bbox 1096 2489 1367 2525; x_wconf 86' lang='lat' dir='ltr'>reprehendebatur.</span> 
     </span>
     <span class='ocr_line' id='line_1_51' title="bbox 243 2529 1080 2569; baseline 0 -11"><span class='ocrx_word' id='word_1_458' title='bbox 243 2530 290 2559; x_wconf 81' lang='lat'>29.</span> <span class='ocrx_word' id='word_1_459' title='bbox 315 2529 421 2558; x_wconf 81' lang='lat' dir='ltr'>Scribit</span> <span class='ocrx_word' id='word_1_460' title='bbox 443 2531 479 2558; x_wconf 88' lang='lat' dir='ltr'>de</span> <span class='ocrx_word' id='word_1_461' title='bbox 498 2531 696 2559; x_wconf 87' lang='lat' dir='ltr'>iurisdictione</span> <span class='ocrx_word' id='word_1_462' title='bbox 716 2532 870 2569; x_wconf 87' lang='lat' dir='ltr'>Episcopis</span> <span class='ocrx_word' id='word_1_463' title='bbox 892 2532 1080 2559; x_wconf 73' lang='lat' dir='ltr'>restituenda.</span> 
     </span>
     <span class='ocr_line' id='line_1_52' title="bbox 315 2572 1278 2611; baseline 0 -10"><span class='ocrx_word' id='word_1_464' title='bbox 315 2573 447 2601; x_wconf 87' lang='lat' dir='ltr'>Erhardo</span> <span class='ocrx_word' id='word_1_465' title='bbox 470 2572 626 2611; x_wconf 86' lang='lat' dir='ltr'>Schnepfio</span> <span class='ocrx_word' id='word_1_466' title='bbox 650 2584 753 2603; x_wconf 87' lang='lat' dir='ltr'>munus</span> <span class='ocrx_word' id='word_1_467' title='bbox 778 2574 1005 2603; x_wconf 79' lang='lat' dir='ltr'>ecclesiasticum</span> <span class='ocrx_word' id='word_1_468' title='bbox 1030 2574 1135 2601; x_wconf 82' lang='lat' dir='ltr'>alicubi</span> <span class='ocrx_word' id='word_1_469' title='bbox 1159 2575 1278 2611; x_wconf 80' lang='lat' dir='ltr'>quaerit.</span> 
     </span>
    </p>
   </div>
  </div>
 </body>
</html>
