2299 2921
145 129 210 161 269
324 129 364 161 11.
397 127 582 160 INDICES.
629 127 668 159 H.
706 126 846 159 INDEX
864 126 1061 159 EPISTOL.
1086 125 1198 158 PHlL.
1223 124 1325 158 MEL.
1347 124 1688 158 ALPHABETICUS
1714 124 1798 156 PER
1821 125 1963 157 lNlTlA.
2092 125 2157 157 270

190 225 325 253 Vidimus
348 223 411 251 heri
434 223 471 251 ad
491 232 650 260 vesperam.
685 222 741 257 III,
766 224 837 252 981.
1218 222 1284 250 Etsi
1305 226 1334 250 te
1356 230 1472 250 causam
1495 220 1619 248 consilii.
1653 219 1721 255 ΥΠ,
1745 220 1794 250 72.

181 264 277 301 ’Ἅπας
296 267 350 304 μὲν
370 263 436 305 οἷήρ.
470 264 524 300 ΥΙ,
547 266 617 294 313.
1147 224 1152 322 l
1219 263 1334 293 Scimus
1357 274 1445 302 quam
1469 263 1550 292 varia
1572 263 1792 300 disputaverint.
1823 262 1907 297 vm,
1932 264 2003 293 455.

191 308 385 343 Ἐνδύσασθε,
407 308 503 345 inquit
521 307 640 336 Paulus.
671 307 724 342 vl,
751 308 822 337 309.
1219 306 1341 345 Semper
1359 311 1387 335 te
1410 311 1528 344 propter
1551 305 1752 333 eruditionem.
1788 305 1856 338 VII,
1884 305 1974 335 1069.

190 351 222 381 Ὠ
245 352 467 392 εἰλικρινέστατε
486 351 591 389 φίλων.
628 350 681 383 VI,
708 351 779 380 354.
1176 350 1392 388 Dryandro,
1416 349 1640 378 Francisco:

147 395 376 429 Culmanno,
399 392 637 421 Leonhardo:

190 438 226 466 In
248 438 351 465 itinere
373 446 439 464 mco
462 445 548 464 anno.
572 435 640 470 VII,
668 436 758 465 1150.

189 480 332 509 Mediocri
355 479 505 516 diligentia
523 478 642 516 perlegi.
666 477 751 514 VIII,
772 478 820 507 26.

146 522 438 557 Gulmbachero,
461 520 516 549 N.:
1220 521 1285 550 Etsi
1307 531 1366 549 non
1389 521 1489 558 accepi
1509 530 1527 548 a
1550 525 1586 548 te.
1620 519 1704 554 VIII,
1728 519 1799 548 238.

190 566 245 594 Est
268 565 387 594 omnino
410 569 502 601 grata.
538 561 593 598 IX,
619 564 689 592 599.
1150 556 1153 615 ἱ
1221 563 1291 592 Ideo
1310 568 1431 592 naturae
1452 563 1610 591 hominum.
1642 561 1725 596 VIII,
1749 561 1820 590 442.

146 607 454 641 Cummerstadio,
475 605 650 644 Georgio:
1149 621 1153 722 Ι
1221 605 1315 645 Spero
1338 612 1366 634 te
1385 611 1413 634 ct
1435 607 1629 634 considerare.
1664 604 1748 639 vm,
1772 604 1842 633 222.

1220 393 1295 421 Cum
1319 393 1471 430 epistolam
1494 396 1573 420 tuam
1596 391 1732 428 legerem.
1766 391 1820 424 VI,
1840 390 1911 420 372.

1220 436 1380 464 Meministi
1403 436 1601 464 dulcissimam
1622 443 1731 463 vocem.
1766 433 1836 468 VII,
1862 434 1952 463 1098.

1177 477 1455 513 Diirrnhofero,
1478 477 1701 506 Laurentio:
1911 486 1914 489 f

191 651 265 680 Cum
295 651 332 678 ad
360 650 490 687 publicas
517 658 610 678 curas.
635 648 703 683 ΥΙΙ,
729 649 799 678 937.
1220 650 1420 687 Tyrocinium,
1443 659 1502 677 non
1526 648 1734 676 carnificinam.
1771 646 1856 679 VIII,
1881 646 1952 676 328.

189 693 255 722 Etsi
276 694 307 721 in
330 697 412 720 tanta
429 691 505 720 mole
530 692 762 729 occupationum.
783 690 867 725 VIII,
893 692 962 720 180.
1220 692 1383 729 Utrumque
1407 692 1492 720 docet.
1513 701 1571 720 vox
1594 691 1701 726 divina,
1725 696 1754 718 et
1776 699 1816 718 re.
1850 688 1935 725 VIII,
1954 690 2026 719 470,

189 736 256 765 Etsi
275 737 306 763 in
329 739 412 763 tanto
435 735 515 762 luctu
539 743 634 763 vestro
659 739 688 761 et
710 734 836 772 publico,
860 744 926 764 non.
960 734 1028 768 VII,
1052 735 1124 765 978.

188 779 253 807 Etsi
280 778 361 815 pacis
390 784 518 815 tempore
542 778 692 814 gratiores.
730 777 798 811 VII,
825 778 916 806 1000.

188 821 342 849 Praedixit
364 821 428 858 ipsa
451 828 506 848 vox
527 821 633 848 divina.
669 819 737 854 ΥΙΙ,
766 822 855 849 1014.
1178 821 1429 855 Eberbachio,
1454 820 1647 857 Philippo:

191 862 259 892 Scio
282 863 390 892 multos
408 868 597 900 praestantes.
632 862 685 898 IV,
711 864 781 892 876.
1222 864 1296 900 Ego,
1320 864 1359 891 mi
1381 863 1446 898 Ph.,
1470 863 1615 900 quoniam.
1649 861 1673 895 Ι,
1700 862 1790 890 1042.

190 905 292 935 Scribo
314 906 444 940 brevius,
469 907 537 942 quia
559 905 596 933 D.
620 905 717 933 Ioach.
750 905 818 939 VII,
844 906 914 936 788.
1222 906 1416 934 Familiaritcr
1440 906 1534 941 doleo,
1557 910 1586 933 te
1609 915 1677 933 non.
1711 904 1736 939 Ι,
1762 905 1853 932 1037.

189 948 372 986 Significavit
390 949 461 976 mihi
481 948 673 977 Camerarius.
708 948 777 983 VII,
803 949 873 977 796.
1221 949 1352 977 Fuerunt
1373 949 1444 977 mihi
1466 949 1568 977 literae
1590 952 1657 975 tuae
1680 956 1759 975 sane.
1790 947 1814 982 Ι,
1835 947 1906 976 698.

146 991 448 1021 Cummerstadio
473 993 530 1028 ffl:
1221 991 1289 1019 Fuit
1311 992 1357 1019 hic
1376 992 1491 1028 quidam
1514 992 1660 1020 sacerdos.
1693 990 1718 1025 I,
1743 990 1812 1018 822⁷.

189 1032 264 1062 Cum
286 1035 316 1062 in
339 1034 428 1062 nulla.
457 1034 509 1068 VI,
535 1034 605 1062 860.
1222 1033 1356 1069 Gaudeo,
1375 1039 1403 1062 te
1426 1035 1581 1071 accepisse.
1613 1033 1637 1068 Ι,
1662 1033 1733 1062 830.

189 1076 313 1105 Interfui
339 1081 406 1105 ante
429 1076 581 1104 similibus,
606 1075 659 1110 VI,
684 1077 754 1105 575.
1149 1061 1151 1074 Ι
1221 1076 1361 1105 Gratulor
1384 1077 1445 1110 tibi,
1469 1077 1507 1104 mi
1532 1076 1598 1109 Ph.,
1622 1075 1797 1112 coniugium.
1831 1074 1856 1109 I,
1880 1076 1951 1104 591.

146 1119 278 1156 Cureo,
303 1120 455 1147 Adamoz
1219 1119 1335 1148 Literae
1356 1124 1422 1147 tuae
1442 1129 1496 1156 pro
1518 1119 1607 1146 veteri
1630 1122 1738 1146 nostra.
1772 1117 1796 1152 Ι,
1817 1117 1888 1147 592.

189 1162 263 1192 Cum
286 1162 400 1190 oblatus
423 1166 499 1189 esset
522 1170 599 1189 casu.
635 1159 703 1194 VII,
727 1160 799 1188 641.
1219 1162 1311 1190 Recte
1333 1163 1375 1190 ita
1397 1163 1487 1196 dicas,
1508 1171 1553 1189 ne.
1589 1160 1613 1196 Ι,
1638 1161 1709 1190 908.

189 1205 283 1233 Dabis
306 1205 420 1232 veniam
446 1204 588 1232 brevitati.
626 1202 710 1237 VIII,
736 1204 807 1231 443.
1219 1204 1248 1233 Si
1273 1206 1342 1242 quid
1366 1215 1402 1233 ex
1427 1205 1472 1233 his
1495 1204 1627 1232 comitiis.
1662 1203 1685 1239 Ι,
1712 1203 1802 1232 1061,

187 1247 245 1276 Dei
268 1247 360 1275 benef.
383 1248 413 1275 iu
440 1246 486 1274 his
509 1246 676 1282 regionibus
698 1255 749 1283 per
774 1255 847 1283 quas
869 1247 932 1275 iter.
955 1247 1023 1282 ΥΠ,
1048 1249 1119 1277 947.
1175 1249 1311 1284 Ebero,
1334 1248 1462 1275 Paulo:

187 1290 325 1318 Delector
349 1295 375 1317 et
398 1290 502 1317 virtute
527 1293 555 1316 et
573 1289 785 1317 benevolentia.
817 1289 884 1323 ΥΙΙ,
910 1291 981 1319 988.
1219 1292 1311 1319 Adest
1334 1291 1360 1318 d.
1383 1288 1495 1326 Caspar
1517 1300 1535 1318 a
1557 1289 1702 1318 Nidbruk.
1738 1287 1805 1323 ΥΙΙ,
1832 1288 1920 1318 1020,

187 1376 226 1404 Et
249 1376 367 1404 omnino
390 1375 480 1402 virtus
504 1379 532 1402 et
554 1374 718 1403 multarum.
751 1374 820 1410 VII,
845 1376 914 1404 531.
1218 1377 1305 1414 Apud
1329 1375 1469 1405 Senecam
1493 1376 1631 1413 scriptum
1653 1380 1706 1403 est.
1740 1373 1824 1408 VIII,
1849 1375 1919 1403 595.

187 1419 225 1446 Et
248 1422 365 1455 propter
386 1417 464 1445 aeris
487 1417 625 1454 pericula.
652 1417 721 1450 VII,
745 1419 815 1447 909.
1219 1419 1453 1448 Commentarios
1477 1419 1625 1446 dedicatos
1648 1417 1788 1454 Principi.
1820 1416 1874 1451 IV,
1902 1417 1971 1446 132.

189 1461 222 1488 In
245 1461 349 1488 dandis
373 1460 511 1489 consiliis.
543 1460 626 1494 VIII,
652 1460 700 1488 ⁶24.
1218 1462 1292 1490 Cum
1316 1463 1391 1490 aliae
1414 1462 1541 1489 familiae
1562 1462 1702 1498 integrae.
1737 1459 1789 1495 VI,
1815 1459 1885 1489 532.

187 1503 251 1532 Scis
274 1512 374 1531 omnes
397 1507 516 1530 naturae
535 1508 642 1540 partes.
678 1502 747 1536 VH,
769 1504 838 1532 664.
1218 1505 1293 1534 Cum
1317 1506 1423 1543 aspicis
1446 1505 1654 1533 dulcissimam.
1685 1503 1752 1535 VII,
1778 1504 1848 1531 937.

186 1547 264 1575 Toto
286 1550 405 1583 pectore
428 1546 545 1582 gratias.
581 1545 650 1580 VII,
678 1547 767 1575 1113.

143 1589 315 1623 Curioni,
339 1588 488 1617 Coelio:

187 1631 259 1669 Legi
281 1632 502 1665 enarrationem,
523 1640 609 1668 quam
634 1631 758 1659 edidisti.
784 1630 868 1665 VIII,
894 1632 962 1661 271.

187 1334 252 1370 Ego
276 1342 344 1360 vero
368 1338 396 1359 et
418 1332 543 1359 candore
565 1337 622 1359 tuo.
658 1330 726 1366 VII,
751 1332 822 1361 571.
1144 1345 1150 1532 ἱ
1218 1336 1359 1362 Amanter
1384 1340 1411 1361 et
1434 1338 1465 1360 ut
1488 1333 1578 1361 decet.
1613 1332 1665 1367 VI,
1691 1332 1760 1360 318.

1218 1547 1292 1576 Cum
1316 1548 1457 1585 collegam
1482 1552 1509 1576 et
1532 1548 1730 1575 honestorum.
1766 1545 1834 1580 VII,
1859 1545 1929 1575 221.

1219 1591 1264 1619 Dc
1288 1590 1415 1628 Cosviga
1438 1600 1530 1628 nuper
1554 1590 1654 1618 erravi.
1690 1590 1759 1617 Erat
1783 1589 1859 1616 euim
1882 1589 1944 1616 iter.
1982 1588 2035 1625 VI,
2061 1590 2131 1620 396.

1147 1642 1150 1676 Ι
1219 1634 1265 1661 De
1289 1633 1417 1671 Cosviga
1440 1643 1531 1670 nuper
1555 1634 1658 1661 erravi.
1697 1632 1829 1660 Eundem
1854 1632 1939 1659 enim.
1973 1632 2024 1668 VT,
2049 1634 2120 1662 397.

1147 1698 1149 1721 Ι
1219 1676 1265 1704 De
1290 1677 1438 1705 Victorino
1462 1677 1564 1713 scripsi
1588 1675 1750 1713 epistolam.
1788 1674 1838 1708 VI,
1863 1675 1933 1703 441.

142 1717 272 1751 Delio,
294 1717 503 1744 Matthaeo:
1147 1724 1149 1746 i
1218 1718 1274 1747 Dci
1299 1720 1439 1747 beneficio
1463 1721 1532 1747 vivit
1555 1719 1677 1747 Erasmi.
1706 1718 1758 1752 VI,
1780 1717 1850 1747 460.

185 1760 351 1797 Aliquoties
373 1759 533 1787 collocutus
557 1768 629 1787 sum.
664 1759 718 1794 ΙΙΙ,
739 1759 809 1788 720.
1218 1763 1453 1790 Deliberationcs
1478 1763 1524 1790 hic
1548 1762 1686 1789 honestae
1710 1761 1832 1789 fuerunt.
1867 1760 1934 1795 VII,
1959 1760 2030 1790 249,

187 1803 276 1839 Apud
298 1801 478 1830 Clementem
499 1802 740 1831 Alexandrinum.
774 1802 831 1838 IX,
854 1804 924 1832 436.
1218 1805 1284 1834 Deo
1307 1810 1425 1833 aeterno
1448 1806 1523 1842 patri
1546 1822 1596 1832 —.
1620 1803 1705 1832 Nam.
1740 1804 1777 1838 V,
1800 1804 1867 1833 139.

1218 1849 1362 1885 Deposuit
1385 1848 1462 1886 apud
1485 1858 1531 1876 me
1554 1848 1609 1875 hic.
1644 1847 1680 1881 Υ,
1708 1847 1776 1875 139.

1217 1892 1255 1919 Et
1277 1900 1332 1928 ego
1355 1890 1451 1919 Deum
1474 1909 1524 1918 *—.
1548 1890 1684 1919 Illustria.
1718 1889 1771 1922 VI,
1796 1890 1867 1918 756.

1219 1935 1257 1962 Et
1280 1934 1410 1962 Marchio
1434 1934 1572 1961 mandata
1594 1933 1701 1961 habuit.
1736 1931 1804 1966 VII,
1830 1932 1899 1962 249.

143 1973 314 2010 Didymo,
334 1972 507 2000 Gabrieli
531 1972 753 2009 (Zwilling):
1218 1978 1255 2005 Et
1280 1986 1330 2004 vos
1352 1978 1489 2004 liberatos
1513 1986 1583 2004 csse.
1620 1976 1672 2011 Vl,
1698 1976 1768 2004 546.

186 2015 232 2043 De
255 2014 367 2044 Stifffl‘)
392 2016 527 2043 dsssssssVit·
562 2015 601 2048 ῙῙυ
627 2016 697 2043 790·
1218 2020 1280 2048 Etsi
1300 2019 1365 2047 aliis
1388 2020 1464 2047 curis
1488 2029 1632 2047 exerceor.
1667 2018 1734 2051 VII,
1760 2019 1830 2046 389.

186 1845 358 1873 Reverendo
380 1845 491 1881 pastori
513 1844 663 1872 Ecclesiae
686 1851 810 1873 nostrae.
844 1846 913 1879 VII,
937 1847 1006 1875 430.
1145 1767 1150 1928 Ι

186 2058 244 2087 Hic
267 2058 403 2086 sacerdos
427 2067 554 2086 mancus.
589 2057 642 2091 IV,
667 2059 737 2087 838.
1145 2043 1150 2331 Ι
1218 2063 1282 2090 Etsi
1304 2062 1333 2090 in
1356 2067 1437 2090 tanta
1461 2062 1637 2090 confusione.
1674 2061 1726 2095 VI,
1747 2061 1817 2089 414.

186 1887 250 1916 Scis
272 1888 328 1915 dici
350 1887 497 1914 iustitiam.
529 1886 584 1921 IX,
609 1887 679 1917 643.

185 1931 231 1958 Tu
254 1931 316 1967 ipse
338 1930 408 1957 mihi
427 1931 516 1958 testis.
550 1929 605 1962 ΙΠ,
627 1931 698 1958 741.

188 2102 236 2138 Sd}
258 2102 325 2137 mcii}
347 2103 429 2137 mobi-
451 2102 509 2135 bafi.
538 2100 591 2134 VI,
616 2101 686 2129 619.
1218 2105 1282 2133 Etsi
1306 2106 1412 2133 invitus
1432 2110 1460 2133 tc
1479 2105 1514 2133 ab
1538 2105 1705 2132 Academia.
1740 2102 1809 2138 VII,
1835 2103 1880 2131 10.

186 2144 322 2172 Pastores
345 2143 539 2172 Ecclesiarum
564 2144 593 2171 in
618 2144 710 2181 pagis.
744 2143 798 2180 ΠΙ,
823 2146 892 2174 771.

143 2186 309 2221 Dillero,
327 2186 520 2214 Michaeli:

188 2230 252 2257 Etsi
274 2229 364 2257 multa
382 2230 476 2258 tristia
494 2230 670 2266 spectacula.
705 2228 760 2265 IX,
786 2231 858 2260 557.

145 2272 314 2305 Dolscio,
337 2271 485 2300 Ioanni:

188 2315 221 2342 In
241 2315 357 2342 senibus
375 2325 434 2342 non
458 2316 645 2352 extinguitur.
682 2315 736 2351 IX,
760 2316 831 2345 914.

1218 2148 1281 2176 Etsi
1304 2149 1359 2176 iter
1382 2153 1511 2176 nostrum
1535 2148 1626 2175 multi.
1663 2146 1731 2181 VII,
1757 2145 1827 2174 872.

1218 2191 1281 2219 Etsi
1304 2200 1411 2227 magna
1433 2196 1514 2228 parte
1536 2191 1620 2218 vitae.
1653 2189 1722 2224 VII,
1746 2189 1816 2217 941.

1218 2234 1282 2262 Etsi
1306 2234 1481 2262 mediocrem
1504 2233 1566 2261 heri
1589 2232 1766 2260 fasciculum.
1796 2230 1850 2265 VI,
1874 2231 1944 2260 590.

1218 2277 1282 2304 Etsi
1306 2277 1376 2304 mihi
1395 2285 1527 2314 propono
1550 2272 1748 2315 παρηγορικᾶ.
1784 2273 1837 2307 VI,
1861 2274 1932 2303 406.

1218 2319 1362 2347 Exulibus
1386 2324 1523 2356 qnantum
1547 2327 1708 2355 possumus.
1741 2316 1795 2352 VI,
1820 2316 1889 2345 290.

144 2358 310 2395 Doltzig,
332 2357 465 2395 Ioanni
487 2368 518 2386 a:
1219 2361 1342 2391 Gaudeo
1361 2368 1439 2390 tuam
1462 2371 1561 2389 vocem
1582 2369 1689 2389 rursus.
1724 2359 1777 2394 VI,
1803 2360 1872 2388 393.

188 2400 360 2438 &brenvester
373 2400 518 2439 gesstenget
529 2401 600 2435 -spert
619 2401 796 2437 ffltarfdyublf.
811 2401 858 2437 3⁶1³
871 2402 962 2432 banse.
981 2402 1036 2437 III,
1050 2403 1121 2432 782.
1218 2404 1351 2433 Gratiam
1375 2404 1426 2432 tibi
1450 2404 1542 2432 habeo
1565 2404 1601 2431 de
1619 2404 1785 2440 scriptione.
1821 2401 1874 2436 VI,
1899 2403 1969 2430 301.

144 2443 411 2478 Dommit280h‚
431 2441 599 2472 Senatui:
1217 2447 1340 2476 Gratum
1364 2447 1434 2475 mihi
1455 2447 1521 2474 fecit
1543 2445 1697 2483 Sylvester.
1730 2446 1784 2480 VI,
1808 2446 1878 2474 338.

189 2487 285 2522 Beiget
305 2487 383 2520 biefet
403 2486 542 2521 Θώῑίᾒεη
562 2487 701 2525 Magister
723 2487 819 2516 Vitus.
853 2487 921 2523 VH,
947 2489 1019 2517 354.
1216 2490 1304 2518 Hanc
1326 2490 1477 2527 epistolam
1500 2489 1566 2517 dedi
1588 2489 1700 2517 doctori
1722 2488 1912 2525 Tubingensi.
1949 2487 2033 2523 VIII,
2057 2488 2128 2517 294.

146 2529 391 2563 Draconitae,
412 2528 555 2556 Ioannie
1216 2532 1304 2560 Hanc
1327 2533 1513 2560 Pancratium
1536 2531 1689 2559 Bavarum.
1723 2530 1776 2566 VI,
1800 2532 1871 2560 365.

188 2572 349 2609 Aliquanto
368 2572 463 2599 minus
486 2572 632 2601 deformis.
665 2572 746 2608 VIII,
770 2573 819 2602 98.
1216 2574 1291 2603 Heri
1309 2580 1375 2603 ante
1398 2584 1493 2602 meum
1516 2575 1679 2602 adventum.
1715 2573 1783 2608 VII,
1810 2574 1900 2602 1049.
