2299 2921
162 137 204 170 73

163 233 258 271 April.
281 233 330 261 20.

279 403 328 431 27.

281 488 330 517 29.

279 532 329 560 30.

166 574 235 604 Mai.

280 617 328 645 10.

284 703 331 731 19.

281 745 328 773 21.

281 830 329 858 22.

280 873 330 902 23.

281 958 329 986 27.

161 1553 224 1583 Iun.
299 1556 323 1583 l.

178 1726 322 1754 10-12,

278 1768 326 1797 21.

277 1812 327 1840 24.

278 1854 325 1881 24.

283 2153 329 2181 12.

279 2238 328 2267 23.

276 2323 324 2350 24.

277 2365 327 2394 29.

282 2409 330 2437 30.

939 133 963 166 l.
1008 133 1219 166 ANNALES
1242 130 1388 163 VITAE.
2124 134 2168 166 74

352 232 498 260 Lutherus
516 230 733 258 Melanthonem
754 230 894 265 hortatur,
918 235 949 258 ut
968 230 1023 258 sibi
1047 236 1147 258 caveat
1166 239 1184 257 a
1206 228 1347 257 conviviis
1370 232 1491 265 propter
1515 227 1667 255 veneficos.

356 274 465 303 Caesar
486 273 638 310 theologos
661 274 813 310 utriusque
836 274 928 311 partis
951 274 986 301 ad
1011 282 1042 301 se
1063 277 1148 300 vocat
1172 276 1201 300 et
1222 272 1392 300 adhortatur
1413 271 1450 298 ad
1472 271 1667 298 concordiam.
1712 270 1858 307 Designat
1880 270 2060 299 Fridericum
2084 271 2170 300 Pala·

386 318 478 346 tinum
501 322 529 343 et
551 315 741 343 Granvellam
765 317 914 353 praesides
934 315 1088 353 colloquii,
1112 322 1140 343 et
1163 315 1379 344 Theodoricum
1403 314 1535 341 comitem
1556 323 1573 341 a
1597 313 1822 347 Manterscheid,
1846 313 2047 342 Eberhardum
2070 313 2169 342 Rude-

387 369 468 394 num,
491 357 650 386 Henricum
674 358 808 393 Hasium,
832 358 1020 386 Franciscum
1041 358 1254 393 Burchardum,
1276 357 1318 385 Io.
1342 356 1442 393 Feige,
1467 360 1494 384 et
1512 356 1649 384 Iacobum
1673 353 1832 384 Sturmium
1857 356 1993 393 colloquii
2016 361 2115 386 testes,

351 402 520 431 Conventus
542 400 719 430 Ratisbonae
748 401 797 429 ubi
824 401 897 429 liber
917 401 1068 435 Caesaris,
1098 406 1200 439 postea
1222 400 1340 428 Interim
1367 399 1580 428 Ratisbonense
1599 398 1788 437 appellatum,
1818 409 1835 427 a
1858 398 2019 427 Granvella
2046 399 2170 428 traditur

385 444 541 481 theologis.

354 488 423 515 Mel.
446 487 580 524 repudiat
602 486 756 514 formulam
779 487 815 514 de
837 487 1044 514 iustificatione
1067 486 1103 514 ab
1127 486 1221 514 Eckio
1244 486 1433 523 propositam.

352 530 522 558 Melanthon
543 529 673 557 Luthero
694 529 782 556 mittit
803 530 1019 566 propositiones
1038 529 1279 557 adversariorum.

354 573 502 610 Incipiunt
525 572 670 609 colloquia
692 571 896 609 theologorum
921 572 1071 608 utriusque
1093 572 1191 608 partis.

351 616 492 652 Princeps
515 615 633 643 Elector
656 624 742 651 aegre
766 614 821 642 fert
844 614 1061 642 Melanthonem
1090 615 1121 642 in
1145 614 1266 642 articulo
1289 614 1324 641 de
1347 613 1549 641 iustificatione
1576 622 1593 640 a
1616 612 1711 640 verbis
1737 614 1860 650 August.
1885 610 2088 641 confessionis
2117 613 2168 641 de-

388 659 514 686 flexisse.

354 700 524 730 Melanthon
544 709 579 727 ea
602 701 637 728 de
660 710 691 728 re
713 709 778 729 sese
798 704 920 728 excusat
942 701 1020 737 apud
1042 699 1210 728 Lutherum.

351 743 483 772 Excusat
512 752 543 771 se
566 743 736 771 Melanthon
761 741 895 777 Caesari,
927 743 1005 780 apud
1029 752 1114 780 quem
1139 746 1292 770 accusatus
1314 740 1422 773 fuerat,
1447 741 1546 778 quasi,
1570 740 1699 769 Luthero
1722 746 1854 775 auctore,
1876 741 2053 778 pertinacior
2075 741 2169 770 factus

387 787 432 821 sit,
458 791 486 813 et
510 795 574 814 cum
597 786 694 822 legato
714 785 832 814 Gallico
851 786 1006 814 amicitiam
1031 786 1146 813 habeat.

353 829 507 858 Finiuntur
531 829 677 866 colloquia
699 829 909 866 theologorum.

354 872 506 908 Principes
530 872 738 905 Protestantcs‚
757 872 914 908 interprete
938 871 1135 903 Melanthone,
1159 870 1341 897 intercedunt
1360 869 1436 905 apud
1455 877 1552 905 regem
1567 867 1684 897 Galliae
1705 879 1759 906 pro
1778 869 1822 903 iis,
1847 869 1895 906 qui
1915 869 2063 898 doctrinae
2082 878 2171 897 causa

387 916 416 942 in
441 913 542 942 Gallia
563 915 749 942 necabuntur.

354 957 556 986 Honoriflcum
598 958 792 986 testimonium
822 956 902 984 Petri
927 955 1045 989 Bembi,
1081 954 1260 988 Cardinalis,
1293 955 1329 982 de
1352 954 1551 981 Melanthone.
1577 971 1616 975 —
1641 953 1787 991 Georgius
1808 953 1949 989 Sabinus,
1973 955 2171 984 Melanthonis

386 1009 489 1037 gener,
519 1001 568 1036 qui
591 999 769 1028 Ratisbonae
798 1005 860 1027 erat
881 1000 911 1027 in
935 999 1071 1026 comitatu
1097 997 1276 1025 Marchionis
1300 996 1467 1024 Brandenb.
1497 997 1656 1032 Electoris,
1682 997 1777 1024 idibus
1802 998 1872 1025 Maii
1898 999 1986 1026 1541.
2016 998 2172 1035 scripserat

386 1043 497 1071 Bembo
520 1043 690 1079 epistolam,
714 1043 760 1070 cui
784 1042 850 1069 huic
873 1042 1022 1078 respoudit
1045 1041 1147 1068 litteris
1170 1040 1245 1068 datis
1268 1039 1381 1068 Romae
1404 1039 1456 1068 IV.
1479 1037 1599 1067 Calend.
1624 1039 1688 1068 Iun.
1717 1041 1817 1073 1541„
1848 1040 1896 1068 ubi
1918 1041 1993 1068 inter
2021 1040 2080 1068 alia
2099 1041 2171 1069 haec

386 1086 422 1113 de
444 1085 644 1112 Melanthone:
671 1084 778 1122 ⁷,Spem
800 1084 960 1112 communis
982 1083 1165 1115 concordiae,
1190 1092 1276 1119 quam
1301 1093 1337 1111 ex
1360 1083 1416 1110 isto
1439 1081 1647 1118 Ratisponensi
1671 1086 1814 1110 conventu
1837 1083 1921 1110 nobis
1944 1083 2047 1118 affers,
2069 1083 2171 1121 accepi

387 1128 521 1164 equidem
550 1128 669 1164 perinde
701 1137 734 1155 ac
758 1127 859 1161 debui,
893 1127 1090 1154 libentissime.
1148 1125 1214 1161 Qua
1242 1130 1338 1153 tamen
1366 1126 1396 1152 in
1424 1134 1455 1152 re
1484 1125 1807 1152 Melanchthonem
1835 1135 1967 1154 socerum
1996 1130 2075 1154 tuum
2109 1135 2171 1155 rem

387 1170 574 1198 christianam
598 1170 719 1197 multum
742 1171 842 1197 iuvare
867 1175 893 1197 et
917 1178 1002 1206 posse
1024 1170 1101 1202 scio,
1132 1175 1157 1195 vt
1183 1178 1247 1196 eum
1271 1169 1412 1196 facturum
1437 1168 1564 1201 confido,
1596 1168 1684 1195 fretus
1709 1177 1773 1195 cuni
1796 1168 1949 1196 excellenti
1970 1169 2032 1196 eius
2056 1169 2171 1204 virtute,

386 1219 472 1250 atque
495 1213 524 1240 in
546 1213 625 1240 omni
649 1213 798 1240 literarum
822 1222 928 1249 genere
953 1212 1132 1240 eruditione:
1167 1217 1226 1239 tum
1253 1221 1320 1239 vero
1345 1212 1431 1238 etiarn
1455 1220 1504 1245 ea,
1534 1220 1619 1247 quam
1650 1220 1714 1238 cum
1737 1210 1789 1238 illo
1809 1216 1984 1239 contractam
2008 1211 2098 1239 habes
2122 1221 2171 1239 ne—

388 1256 569 1284 cessitudine.
614 1255 707 1283 Erunt
737 1256 824 1293 igitur
846 1261 913 1283 tuae
937 1264 1051 1291 quoque
1072 1255 1189 1292 pietatis
1213 1258 1310 1292 partes
1334 1263 1451 1287 curare,
1484 1258 1514 1281 ut
1542 1254 1566 1281 si
1597 1253 1665 1290 quid
1688 1254 1717 1281 iu
1743 1254 1967 1281 Melanchthone
1989 1254 2084 1282 adhuc
2107 1254 2171 1290 fuit,

387 1308 444 1335 quo
468 1302 634 1326 nostrorum
659 1299 747 1326 animi
770 1298 902 1326 nonnihil
926 1298 1034 1325 offendi
1058 1298 1214 1334 potuerint,
1238 1298 1266 1324 id
1291 1297 1468 1333 temporibus
1487 1300 1579 1324 totum
1603 1297 1709 1333 potius,
1734 1305 1818 1332 quani
1843 1297 2024 1324 abalienatae
2047 1307 2065 1325 a
2086 1297 2171 1326 nobis

387 1341 529 1370 voluntati
552 1341 737 1369 asscribatur.
773 1340 897 1369 Occasio
919 1341 981 1368 dari
1005 1340 1086 1368 vobis
1110 1339 1168 1367 ulla
1191 1340 1306 1368 uberior
1329 1348 1474 1376 nunquam
1498 1339 1614 1376 poterit,
1639 1339 1714 1367 unde
1737 1339 1781 1366 vel
1802 1340 1924 1375 gratiam
1944 1340 2039 1367 aDeo
2059 1341 2171 1377 optimo

387 1394 463 1411 max.
489 1384 628 1411 maiorem
650 1385 770 1418 ineatis,
800 1384 844 1410 vel
866 1383 902 1410 ab
924 1383 1090 1411 hominibus
1113 1383 1235 1419 gloriam
1265 1383 1459 1410 honestiorem
1483 1382 1711 1419 consequamini.
1756 1382 1803 1410 Illi
1826 1387 1856 1410 tu
1879 1383 1952 1411 meis
1976 1383 2072 1410 verbis
2095 1383 2172 1411 salu-

387 1432 444 1454 tem
467 1427 618 1464 impertias
650 1427 750 1459 velini.
784 1436 916 1463 quaeque
940 1436 958 1454 a
979 1436 1025 1454 me
1049 1426 1194 1464 proficisci
1217 1430 1356 1463 possunt,
1386 1425 1483 1453 omnia
1510 1425 1675 1462 pollicearis
1698 1434 1732 1453 ac
1754 1425 1893 1454 detbrasss
1941 1426 2023 1461 (Vid.
2048 1424 2171 1464 Georgii

387 1468 487 1497 Sabini
511 1468 656 1506 poemata,
681 1480 707 1506 p.
732 1471 818 1505 451.)

318 1534 324 1540 .
345 1512 571 1540 Protestantium
595 1512 739 1540 sententia
761 1513 797 1540 de
819 1512 892 1540 libro
916 1511 1052 1540 Caesaris
1076 1512 1206 1540 traditur.

346 1553 450 1591 Legati
480 1553 618 1582 Saxonici
653 1556 682 1582 in
719 1560 862 1583 conventu
897 1556 1014 1583 mittunt
1045 1555 1204 1583 Iohannem
1239 1554 1403 1590 Principem
1435 1553 1641 1587 Anhaltinum,
1680 1554 1831 1582 Matthiam
1866 1564 1883 1581 a
1910 1553 2112 1591 Schulenburg
2141 1560 2169 1582 et

385 1598 586 1625 Alexandrum
610 1598 742 1626 Alesium
767 1598 952 1634 Vitebergam
976 1599 1011 1625 ad
1035 1597 1209 1632 Lutherum‚
1238 1602 1269 1625 ut
1297 1597 1358 1624 eius
1377 1597 1551 1624 seutentiam
1580 1597 1616 1624 de
1638 1597 1740 1630 rebus,
1774 1597 1808 1624 de
1839 1597 1942 1633 quibus
1963 1598 1992 1625 in
2024 1602 2169 1626 conventu

384 1641 562 1677 disputatum
585 1640 690 1675 fuerat,
715 1641 874 1677 explorent.
894 1658 935 1661 —
958 1640 1062 1677 Legati
1084 1645 1226 1668 venerunt
1249 1640 1437 1676 Vitebcrgam
1457 1640 1484 1667 d.
1511 1641 1537 1667 7.
1561 1639 1646 1668 Iunii.

320 1703 326 1710 .
349 1682 458 1711 Caesar
481 1684 630 1712 ordinibus
653 1684 767 1721 imperii
790 1688 855 1710 acta
876 1684 1013 1720 colloquii
1036 1684 1132 1714 tradit.
1156 1689 1183 1711 et
1202 1692 1300 1711 eorum
1319 1683 1427 1710 iudicia
1450 1683 1552 1719 poscit.

347 1725 450 1763 Legati
474 1727 510 1754 ad
532 1726 692 1754 Lutherum
715 1727 795 1754 missi
819 1735 883 1754 cuni
907 1737 941 1754 eo
964 1732 1063 1764 agunt.

350 1768 505 1806 Philippus
524 1768 727 1807 Landgravius
751 1770 866 1797 domum
890 1770 972 1797 redit.

349 1811 489 1849 Cruciger
513 1813 583 1849 petit
607 1814 720 1840 veniam
745 1813 861 1840 domum
885 1813 1034 1840 redeundi.

349 1855 516 1882 Melanthon
539 1856 709 1883 sententiam
734 1864 815 1883 suam
839 1856 909 1883 dicit
932 1856 966 1883 de
989 1855 1062 1883 libro
1086 1854 1232 1883 Caesaris.

351 1896 423 1924 Item
448 1898 585 1925 Bucerus.

322 1961 327 1966 .
352 1939 538 1968 Conveniunt
560 1940 713 1975 Catholici,
738 1946 768 1968 ut
790 1942 964 1969 sententiam
987 1942 1022 1968 de
1046 1941 1119 1968 libro
1143 1941 1249 1968 dicant.

164 1981 216 2010 Iul.
302 1982 329 2010 2.

353 1981 497 2011 Catholici
521 1982 639 2011 Caesari
663 1983 749 2011 aliam
773 1984 925 2011 formulam
951 1985 1031 2021 pacis
1052 1984 1178 2011 offerunt
1233 1980 1377 2010 Catholici
1407 1991 1521 2009 omnem
1552 1991 1611 2009 rem
1637 1981 1673 2008 ad
1697 1980 1893 2009 Contarenum
1917 1981 2042 2019 legatum
2067 1981 2169 2010 Ponti—

386 2026 449 2053 ficis
471 2025 570 2053 referri
595 2026 703 2054 volunt.

321 2089 327 2095 .
352 2068 492 2105 Princeps
512 2069 630 2096 Elector
651 2069 833 2097 Melanthoni
859 2075 886 2097 et
909 2069 1052 2106 theologis
1074 2069 1188 2102 scribit,
1217 2073 1247 2096 ut
1271 2067 1444 2095 sententiam
1471 2067 1506 2094 de
1532 2066 1605 2095 libro
1630 2065 1765 2094 Caesaris
1790 2067 1918 2095 scribant
1939 2072 1966 2095 et
1987 2067 2116 2102 tradant,
2140 2072 2170 2095 et

407 2117 489 2138 ostea
512 2112 629 2139 domum
652 2112 780 2139 redeant.

354 2120 552 2182 ksiiiitestantes
575 2154 693 2183 Caesari
717 2154 833 2182 tradunt
855 2155 1027 2182 sententiam
1051 2164 1131 2182 suam
1156 2155 1303 2191 scriptam.

352 2195 463 2225 Caesar
486 2198 621 2234 proponit
642 2197 762 2225 sormam
786 2197 904 2231 decreti,
929 2202 956 2224 et
978 2197 1064 2225 refert
1085 2198 1153 2234 quid
1177 2196 1360 2225 Contarenus
1383 2196 1574 2232 responderit.

353 2239 421 2267 Mel.
446 2241 546 2268 scribit
569 2240 643 2276 Regi
666 2238 787 2267 Sueciae
810 2240 959 2267 historiam
979 2245 1138 2267 conventus
1162 2240 1244 2276 eique
1267 2239 1376 2276 gratias
1399 2239 1458 2275 agit
1481 2249 1534 2276 pro
1555 2238 1660 2275 poculo
1682 2238 1717 2264 ab
1742 2247 1776 2266 eo
1799 2242 1927 2275 accepto.

352 2281 494 2310 Invitatur
516 2283 685 2310 Melanthon
709 2293 726 2310 a
748 2283 1042 2319 Norinbergcnsibus,
1066 2288 1097 2310 ut
1116 2283 1145 2310 in
1168 2283 1264 2309 reditu
1289 2281 1504 2317 Norinbergam
1525 2282 1630 2308 veniat.

347 2322 492 2362 Scriptum
516 2326 551 2354 de
571 2326 759 2354 emendandis
782 2326 873 2353 sacris
898 2325 1067 2353 Melanthon
1091 2325 1178 2352 mittit
1201 2325 1237 2352 ad
1260 2324 1441 2352 Fridericum
1460 2322 1602 2351 Comitem
1626 2322 1799 2350 Palatinum.

351 2366 485 2395 Edictum
508 2368 653 2397 Caesaris.
700 2368 781 2396 Finis
806 2368 996 2396 comitiorum.

354 2409 523 2438 Melanthon
546 2412 663 2440 domum
684 2411 885 2448 proficiscitur.
930 2410 1091 2439 Curaverat
1113 2410 1308 2445 Ratisbonae,
1332 2415 1362 2438 ut
1383 2410 1456 2438 liber
1480 2407 1616 2437 Caesaris
1640 2408 1814 2446 Vitebergae
1839 2409 2041 2438 excuderetur.
2083 2409 2167 2445 (Vid.

386 2462 431 2490 ep.
454 2452 540 2481 Luth.
565 2455 591 2482 d.
615 2456 644 2483 4.
669 2456 747 2490 Aug.
770 2454 846 2490 apud
869 2454 904 2481 de
928 2453 1016 2481 Wett.
1041 2451 1075 2481 T.
1101 2453 1135 2480 V.
1159 2465 1188 2491 p.
1212 2454 1299 2488 388.)
1558 2448 1560 2451 ”

323 2515 330 2521 .
355 2495 550 2524 Melanthonis
581 2497 756 2534 stipendium
791 2501 905 2524 auctum
936 2502 997 2524 erat
1023 2496 1144 2524 adiectis
1173 2501 1287 2524 centum
1313 2496 1449 2529 florenis,
1479 2495 1534 2522 vid.
1568 2495 1651 2532 epist.
1674 2493 1761 2522 Luth.
1792 2495 1869 2531 apud
1897 2495 1932 2522 de
1959 2494 2046 2523 Wctt.
2070 2494 2106 2522 T.
2131 2494 2168 2522 V.

384 2548 411 2574 p.
437 2539 508 2566 387.

319 2603 324 2609 .
348 2580 518 2610 Melanthon
541 2580 661 2618 Lipsiae
684 2582 745 2620 agit
767 2583 803 2610 de
826 2582 1002 2610 accersendo
1024 2581 1191 2610 Canierario
1214 2582 1243 2609 in
1268 2581 1459 2609 Academiam
1481 2579 1638 2617 Lipsicani.
