2299 2921
132 94 195 127 305

175 189 294 219 Gratias
316 189 398 218 vobis
420 198 487 226 ago,
511 189 588 225 quod
610 188 769 216 literarum.
804 187 859 223 VI,
883 187 954 218 629.

175 233 300 262 Gratum
322 233 393 260 mihi
415 232 484 260 fecit
506 231 592 259 filius.
626 230 711 266 VIII,
734 232 801 260 107.

174 276 261 304 Hanc
282 275 433 312 epistolam
456 274 523 302 dedi
544 274 611 301 huic
634 273 721 301 Doct.
754 273 838 308 VIII,
863 274 912 303 44.

173 319 261 347 Hanc
284 317 435 355 epistolam
458 317 525 344 dedi
547 317 720 344 venerando.
750 316 788 350 V,
814 317 862 346 18.

173 362 260 389 Hanc
282 360 434 397 epistolam
456 359 540 388 initio
561 359 639 386 anni.
671 358 724 394 VI,
749 360 820 388 300.

172 404 260 432 Hanc
283 402 434 440 epistolam
457 402 561 440 scripsi
583 403 630 429 die
653 402 755 430 fausto.
789 400 841 436 VI,
866 402 936 431 541.

172 446 259 474 Hanc
282 445 434 482 epistolam
456 445 560 482 scripsi
584 445 630 472 die
656 445 704 474 25.
729 444 807 472 Nov.
839 443 892 479 VI,
918 443 988 474 292.

172 489 246 517 Heri
267 489 367 516 literas
390 488 428 516 D.
450 487 631 525 Hieronymi.
667 487 719 521 VI,
740 487 810 516 820.

170 531 270 560 Hodie
289 541 325 560 ex
345 531 457 565 castris,
482 540 557 567 quae
581 534 656 558 sunt.
692 530 744 564 VI,
765 530 834 558 249.

171 574 270 603 Hodie
290 574 470 611 ingredimur
491 574 552 601 iter.
591 572 675 608 VIII,
700 573 771 601 238.

170 617 259 645 Hunc
277 616 437 654 Georgium
459 625 554 653 spero.
586 615 654 650 VH,
678 616 750 645 419.

170 660 258 688 Hunc
280 660 463 687 tabellarium
487 659 551 686 misi
573 659 657 687 istuc.
690 657 742 692 VI,
767 658 838 687 834.

169 703 258 731 Hunc
281 702 373 730 virum
396 701 566 739 Magistrum
591 700 761 738 Georgium.
787 700 855 736 ΥΠ,
880 701 950 730 413.

169 746 232 773 Iam
255 753 464 773 conscensurus
488 754 574 772 eram.
609 743 677 778 VII,
702 744 774 773 679.

168 787 239 816 Ideo
262 788 332 815 sinit
355 787 436 815 Deus
460 787 599 815 exerceri.
634 786 686 821 VI,
712 787 782 815 364.

168 830 204 858 In
228 829 381 860 Conventu
399 830 558 868 Mysnensi.
582 829 651 864 VH,
676 831 702 857 9.

167 873 203 901 In
225 873 316 902 literis
338 874 441 903 vestris
459 873 515 900 hoc
535 872 616 900 mihi.
652 871 702 907 VI,
727 872 797 901 789.

167 916 313 953 Intelligo,
336 921 395 944 tres
416 915 573 943 Electores.
607 914 674 949 ΥΠ,
701 914 771 942 232.

167 960 276 988 Iterum
299 958 463 986 recentibus
484 958 575 985 literis
599 958 719 995 flagitat.
755 956 822 991 VII,
847 956 920 986 908.

166 1002 240 1038 Legi
259 1002 380 1030 [ormam
401 1001 607 1038 responsionis.
642 999 710 1033 VII,
734 1000 782 1028 81.

167 1045 325 1073 Meministi
345 1045 452 1072 dictum
472 1043 562 1080 Regis
583 1042 729 1079 Iosaphat.
766 1041 849 1076 VIII,
876 1041 945 1070 121.

166 1087 342 1116 Meministis
364 1086 471 1114 multos
494 1089 618 1113 nostros.
653 1084 710 1118 III,
736 1085 807 1113 585.
843 1083 896 1119 VI,
921 1083 993 1114 232.

166 1131 265 1158 Meum
289 1129 442 1157 consilium
466 1128 501 1156 de
523 1127 609 1159 filiis„
632 1127 700 1161 VH,
727 1127 818 1156 1008.

167 1173 239 1201 Mihi
262 1181 377 1209 quoque
400 1171 510 1208 aliquid
533 1171 569 1198 de
592 1170 755 1202 Saxonicis.
791 1167 859 1204 VII,
885 1170 955 1199 334.

167 1216 242 1243 Mira
261 1215 332 1242 mihi
357 1224 393 1242 ex
416 1213 578 1241 conventu.
616 1213 652 1248 V,
678 1213 749 1241 396.

166 1258 288 1286 Mirifice
313 1266 382 1286 vasa
404 1257 456 1284 abs
478 1262 507 1284 te
530 1257 626 1284 missa.
659 1255 699 1289 II,
726 1256 771 1284 10.

168 1301 275 1329 Multae
299 1300 414 1327 fuerunt
437 1309 551 1327 causae.
586 1298 652 1332 VII,
676 1299 747 1327 975.

168 1343 277 1371 Multae
301 1347 369 1371 sunt
393 1342 524 1380 publicae
546 1350 660 1369 causae.
696 1340 780 1375 VIII,
806 1341 877 1370 398.

167 1386 232 1414 Nec
258 1385 390 1422 querelas
411 1385 445 1412 de
469 1385 641 1422 praeteritis.
677 1383 746 1418 VII,
770 1384 840 1412 864.

167 1428 237 1457 Non
260 1428 330 1456 mihi
353 1427 487 1455 voluntas
511 1428 600 1455 deest.
635 1426 689 1461 III,
716 1426 787 1455 762.

167 1471 308 1499 Nondum
328 1471 451 1498 rediisse
473 1480 534 1498 vos.
558 1470 596 1504 V,
617 1471 687 1498 503.

167 1514 306 1542 Nondum
329 1514 414 1541 rediit
438 1513 494 1541 huc
518 1513 555 1541 D.
581 1513 739 1540 Fontanus.
774 1511 829 1546 III,
854 1513 924 1541 774.

166 1557 315 1585 Nuncium
338 1555 560 1584 Northusanum
585 1565 627 1583 eo.
664 1555 716 1590 VI,
741 1556 813 1584 943.

167 1599 320 1637 Nusquam
344 1599 386 1626 sic
405 1599 568 1635 acquiesco.
605 1597 672 1631 VII,
697 1599 768 1626 407.

166 1641 296 1670 Obsecro
319 1650 370 1669 vos
392 1645 511 1678 propter
533 1641 639 1669 Deum.
676 1640 757 1674 VIII,
781 1641 852 1669 526.

166 1685 226 1713 Oro
251 1685 346 1713 Deum
368 1689 399 1711 ut
422 1684 503 1711 vobis
527 1684 664 1721 corporis.
700 1683 767 1719 VII,
792 1684 864 1711 989.

168 1727 228 1756 Oro
251 1727 341 1755 filium
364 1726 424 1755 Dei
441 1744 492 1754 —.
515 1727 626 1754 Eadem
651 1731 725 1754 vota.
762 1725 844 1761 VIII,
870 1726 940 1755 278.

168 1769 228 1798 Oro
251 1770 341 1798 filium
364 1769 421 1797 Dei
443 1787 490 1797 -—.
514 1769 578 1806 Ego
602 1779 675 1797 cum.
710 1768 793 1803 VIII,
820 1770 867 1799 16.

168 1812 228 1841 Oro
251 1813 342 1840 filium
365 1811 423 1839 Dei
444 1828 491 1839 —.
514 1812 698 1849 Expatiatur.
732 1811 815 1846 VIII,
836 1812 907 1841 264.

168 1854 229 1884 Oro
252 1855 342 1883 filium
366 1854 423 1882 Dei
442 1871 492 1883 --.
516 1854 721 1883 Proficiscitur.
755 1854 840 1890 VIII,
866 1854 935 1884 228.

167 1898 293 1926 Paterna
315 1897 470 1925 solicitudo
494 1902 597 1925 vestra.
632 1897 684 1930 IV,
712 1899 779 1927 117.

168 1940 370 1978 Quadraginta
392 1940 582 1968 Ioachimicos
604 1941 670 1968 iam.
700 1940 752 1975 VI,
776 1941 846 1970 429.

168 1983 351 2020 Quamquam
371 1992 408 2011 ex
431 1983 583 2020 proximis.
618 1982 657 2017 II,
684 1984 731 2011 19.

169 2026 255 2062 Quod
278 2027 362 2054 faust.
388 2030 416 2053 et
439 2025 508 2054 felix
531 2026 578 2060 sit,
601 2026 717 2053 advenit
740 2026 886 2063 Magister.
917 2026 954 2060 V,
980 2026 1039 2054 352

169 2069 257 2105 Quod
280 2079 339 2097 non
363 2069 432 2097 estis
455 2068 587 2106 profecti.
621 2068 707 2102 VIII,
730 2069 799 2098 363.

168 2112 365 2150 Respondebo
385 2112 541 2148 copiosius,
561 2121 636 2140 cum.
673 2111 742 2146 VII,
766 2112 837 2141 796.

169 2155 298 2193 Rogavit
320 2164 366 2182 me
388 2154 544 2183 Henricus.
578 2154 630 2188 IV,
654 2155 725 2183 790.

170 2196 282 2226 Scimus
305 2202 458 2234 utrumque
482 2207 551 2225 voce
574 2198 680 2225 divina.
720 2196 803 2231 VIII,
830 2196 898 2226 128.

170 2240 238 2271 Scio
259 2249 311 2268 vos
331 2250 383 2276 pro
403 2240 592 2268 humanitate.
628 2239 681 2275 IV,
704 2240 775 2269 844,

171 2283 267 2318 Scitis,
290 2292 403 2319 semper
421 2283 521 2312 fuisse.
555 2283 609 2317 IV,
634 2283 704 2310 883.

172 2325 269 2361 Scitis,
292 2330 445 2362 utrumque
469 2336 538 2353 voce
561 2327 671 2354 divina.
706 2325 775 2360 VH,
800 2325 871 2354 869.

173 2368 271 2403 Scitis,
295 2377 395 2396 vocem
417 2369 470 2396 filii
492 2368 549 2396 Dei
575 2378 648 2397 esse.
677 2367 731 2402 VI,
758 2367 828 2397 224.

173 2411 293 2448 Semper
314 2411 407 2448 magis
429 2411 568 2441 solicitus.
598 2411 649 2445 VI,
674 2411 744 2439 232.

173 2453 242 2483 Sive
261 2453 376 2492 publice
399 2454 436 2481 ad
458 2452 604 2482 Senatum.
638 2453 723 2488 VIII,
743 2453 813 2482 335.

174 2495 278 2535 Spero,
301 2496 390 2530 filium
412 2496 655 2534 christophorum
678 2496 823 2524 Islebiam.
860 2495 926 2531 VII,
950 2496 1020 2526 979.

174 2538 279 2577 Spero,
297 2538 459 2576 Georgium
482 2539 602 2574 ffidmess.
626 2539 679 2575 VI,
704 2540 773 2568 638.

338 2605 482 2625 MELANTH.
497 2606 576 2625 OPER.
598 2606 660 2625 VOI..
675 2605 775 2625 xxvm.

308 94 346 126 II.
391 92 580 127 INDICES.
625 92 666 124 H.
691 91 830 123 INDEX
851 90 1048 124 EPISTOL.
1072 90 1185 124 PHIL.
1209 90 1314 124 MEL.
1337 90 1679 125 ALPHABETICUS
1703 92 1790 124 PER
1811 93 1955 126 INITIA.

1204 185 1306 224 Spero,
1326 187 1401 215 istuc
1419 187 1533 215 venisse
1555 185 1726 224 Georgium.
1755 188 1823 224 VH,
1848 190 1919 218 421.

1203 229 1295 266 Spero
1318 230 1458 258 Matthiae
1481 230 1565 259 hanc.
1590 229 1658 265 VII,
1681 231 1751 260 642.

1203 271 1322 301 Summa
1345 273 1505 301 consolatio
1527 274 1558 300 in
1581 273 1650 302 vita.
1676 273 1761 309 VIII,
1785 274 1857 303 505.

1202 313 1276 344 Sunt
1299 317 1417 344 omnino
1440 315 1544 345 studia.
1569 315 1607 350 V,
1630 316 1700 344 868.

1201 358 1411 393 Tabellarium,
1435 359 1484 396 qui
1503 368 1550 386 me
1568 358 1695 387 absente.
1718 358 1787 394 VH,
1808 358 1878 388 292.

1202 401 1340 429 Teneatis
1362 401 1436 429 hauc
1459 401 1696 430 consolationem.
1717 401 1802 437 VIII,
1829 402 1897 431 154.

1201 444 1303 472 Toties
1325 445 1503 481 praedictum
1527 448 1578 472 est.
1603 443 1657 479 VI,
1681 441 1751 474 444.

1202 486 1324 514 Utinam
1345 488 1428 515 firma
1451 491 1479 514 et
1501 487 1645 516 diuturna.
1668 486 1753 522 VIII⁷
1777 487 1849 515 444.

1202 529 1279 557 Veni
1298 530 1328 557 in
1349 530 1449 558 urbem
1473 529 1653 567 Meideburg.
1676 529 1730 565 VI,
1754 530 1824 560 297.

1201 572 1323 600 Vestras
1345 573 1494 610 proximas
1510 572 1609 600 literas
1632 573 1740 610 accepi.
1762 572 1832 608 VII,
1855 573 1927 602 597.

1201 614 1306 649 Video,
1330 625 1381 643 vos
1405 615 1488 643 valde
1509 616 1586 652 angi.
1609 615 1678 650 VH,
1701 616 1770 645 192.

1200 658 1302 685 Virum
1325 657 1452 692 doctum,
1476 659 1647 688 modestum.
1673 657 1740 693 VII,
1761 659 1832 686 401.

1157 700 1427 737 Meienburgio,
1452 701 1507 736 M.,
1530 701 1686 729 iuniori:

1199 742 1380 771 Commendo
1403 742 1469 771 Deo
1492 743 1568 771 viam
1591 749 1678 772 tuam.
1701 743 1757 778 IX,
1783 744 1854 773 530.

1199 784 1274 814 Cum
1294 791 1480 823 expectemus
1500 786 1655 814 adventum
1678 791 1767 815 tuum.
1790 786 1846 822 IX,
1866 787 1938 815 540.

1198 827 1272 856 Cum
1295 829 1350 856 iter
1373 829 1542 857 faceremus.
1564 828 1621 863 IX,
1646 829 1717 858 412.

1198 871 1296 899 Hodie
1318 881 1383 899 cum
1404 871 1491 900 Patre
1509 881 1572 900 suo.
1595 871 1650 906 IX,
1676 872 1746 901 671.

1197 913 1296 942 Hodie
1317 914 1468 942 nobiscum
1490 915 1520 942 in
1542 915 1675 952 prandio.
1698 914 1783 949 VIII,
1807 914 1879 942 675.

1196 956 1268 984 Non
1290 956 1384 985 solum
1406 958 1481 985 vitae
1504 957 1646 994 longiora.
1668 957 1752 992 VIII,
1776 958 1849 986 539.

1198 997 1258 1027 Oro
1281 999 1378 1027 Deum
1401 1005 1549 1028 aeternum
1572 1017 1623 1028 —-.
1646 1000 1694 1028 De
1714 1005 1854 1038 tempore.
1879 998 1936 1035 IX,
1960 1000 2033 1030 608.

1197 1039 1258 1069 Oro
1280 1041 1376 1069 Deum
1398 1047 1547 1070 aeternum
1570 1060 1619 1070 —.
1644 1042 1710 1078 Quo
1734 1043 1790 1072 die.
1816 1042 1899 1078 VIII,
1924 1043 1994 1073 498.

1197 1083 1292 1112 Valde
1314 1085 1366 1112 abs
1391 1089 1417 1112 te
1440 1090 1517 1121 peto.
1538 1084 1606 1120 VH,
1635 1086 1724 1114 1028.

1154 1126 1407 1162 Melanthoni,
1432 1127 1624 1165 Philippo,
1648 1127 1748 1156 filio:

1198 1169 1272 1197 Cum
1295 1169 1426 1198 abiturus
1449 1179 1550 1198 essem.
1576 1170 1612 1204 V,
1638 1172 1708 1199 910.

1198 1213 1262 1240 Etsi
1285 1213 1410 1250 publicis
1434 1213 1519 1243 curis.
1543 1213 1580 1247 V,
1608 1213 1677 1242 106.

1198 1255 1338 1283 Marcello
1362 1260 1390 1283 te
1411 1256 1620 1284 commendavi.
1646 1255 1686 1290 II,
1711 1255 1782 1284 932.

1198 1298 1335 1334 Pagellas
1358 1308 1430 1335 quas
1453 1299 1543 1327 mitto.
1568 1297 1623 1333 IX,
1648 1299 1717 1327 147.

1156 1341 1406 1376 Melanthoni,
1430 1340 1686 1378 Sigismundo,
1709 1341 1806 1369 filio:

1198 1384 1412 1421 Heidelbcrgae
1435 1384 1481 1411 die
1507 1384 1555 1413 27.
1580 1382 1725 1413 Octobris.
1748 1383 1804 1418 IX,
1829 1383 1898 1413 356.

1196 1426 1310 1454 Literas
1335 1432 1455 1461 vestras,
1475 1427 1624 1455 carissime
1647 1427 1697 1455 fili.
1723 1426 1778 1462 IX,
1804 1428 1875 1456 377.

1154 1469 1372 1504 Melchiori,
1396 1470 1588 1498 Monacho:

1199 1513 1239 1542 (5ss
1258 1511 1305 1547 bat
1329 1521 1389 1542 euet
1408 1513 1493 1549 ffiotty.
1521 1513 1543 1547 I,
1568 1513 1638 1541 443.

1155 1556 1437 1592 Memmingensi
1461 1555 1634 1584 Senatui:

1126 1579 1131 1665 Ι
1197 1597 1261 1633 sou&
1281 1599 1325 1633 fid)
1346 1599 1378 1626 e.
1400 1598 1446 1628 ffss.
1472 1599 1665 1635 gutmiuigt'tdi.
1698 1598 1733 1632 v,
1759 1599 1807 1627 53.

1198 1641 1307 1675 OEtfllidy
1328 1641 1390 1669 [utre
1408 1642 1444 1675 id)
1466 1642 1498 1669 (ἓ.
1518 1641 1566 1671 233.
1586 1642 1672 1670 molle.
1702 1640 1756 1674 IV,
1780 1642 1851 1670 874.

1200 1683 1336 1717 &intimem
1355 1684 1399 1713 bet
1418 1684 1614 1720 moblgelnbtte
1634 1683 1774 1721 {magistet
1806 1683 1858 1719 IV,
1883 1683 1954 1714 782.

1154 1727 1292 1761 Menio,
1316 1727 1475 1755 Eusebio
1498 1727 1624 1763 (filio):

1196 1769 1295 1797 Hodie
1318 1770 1354 1797 ad
1376 1779 1427 1797 vos
1448 1770 1602 1799 accessuri.
1627 1767 1683 1804 IX,
1706 1769 1776 1799 589.

1153 1812 1292 1846 Menio,
1316 1811 1455 1840 Iosiae:

1198 1854 1267 1883 Non
1291 1855 1361 1882 mihi
1383 1855 1458 1892 plus.
1483 1853 1567 1889 VIII,
1592 1855 1662 1884 868.

1155 1898 1292 1933 Menio,
1314 1897 1432 1926 Iusto:

1199 1944 1278 1968 Ante
1301 1949 1430 1968 mensem
1452 1940 1612 1969 absolutus.
1636 1940 1674 1974 V,
1702 1941 1770 1969 150.

1128 2001 1132 2024 ι
1199 1983 1368 2012 Conventus
1390 1984 1475 2011 initia
1496 1983 1553 2011 Dei
1576 1984 1725 2011 beneficio.
1751 1982 1804 2018 IV,
1830 1983 1897 2012 160.

1128 2025 1134 2239 ἱ
1199 2025 1273 2054 Cum
1297 2027 1422 2063 primum
1446 2035 1481 2054 ex
1503 2026 1578 2054 aula.
1604 2026 1640 2061 V,
1666 2026 1736 2055 758.

1129 2537 1133 2558 l

1202 2069 1258 2097 Dei
1281 2069 1422 2097 beneficio
1446 2069 1494 2097 hic
1516 2069 1719 2106 tranquillitas.
1744 2069 1780 2104 V,
1803 2069 1874 2098 367.

1200 2112 1297 2140 Deum
1320 2118 1469 2140 aeternum
1492 2117 1604 2149 patrem
1629 2128 1678 2139 —-.
1703 2111 1828 2148 Pugnat.
1852 2112 1889 2147 V,
1911 2112 1982 2142 452.

1202 2154 1340 2183 Difficilis
1358 2155 1429 2183 mihi
1453 2155 1630 2182 deliberatio.
1655 2154 1692 2189 V,
1717 2155 1787 2184 467.

1201 2197 1275 2226 Heri.
1298 2198 1398 2235 accepi
1419 2197 1518 2226 literas
1537 2198 1669 2235 scriptas.
1692 2196 1777 2230 VIII,
1804 2198 1874 2226 693.

1201 2240 1291 2268 Hunc
1314 2240 1525 2278 Hieronymum
1548 2241 1656 2268 iudicio
1675 2240 1780 2277 delegi.
1803 2240 1840 2274 V,
1865 2241 1913 2269 14.

1198 2282 1273 2320 Legi
1295 2287 1346 2311 tua
1368 2284 1485 2320 scripta.
1509 2282 1594 2317 VIII,
1618 2283 1689 2312 787.

1199 2327 1284 2354 Mitto
1309 2326 1360 2354 tibi
1384 2327 1609 2364 propositiones.
1634 2325 1670 2360 V,
1695 2326 1766 2355 848.

1199 2369 1270 2397 Non
1292 2369 1402 2406 ingessi
1425 2380 1471 2397 me
1494 2368 1690 2397 conventibus.
1714 2368 1750 2403 V,
1776 2369 1846 2397 311.

1200 2411 1271 2441 Non
1291 2412 1414 2440 libenter
1437 2412 1528 2439 mitto.
1552 2410 1637 2446 VIII,
1662 2411 1732 2439 853.
1804 2444 1806 2447 .

1199 2454 1293 2482 Paulo
1316 2455 1413 2483 Ebero
1438 2459 1465 2482 et
1486 2454 1594 2482 literas.
1616 2453 1684 2489 VII,
1710 2453 1780 2482 678.

1199 2495 1323 2535 Scripsit
1346 2497 1382 2525 ad
1406 2507 1451 2525 me
1475 2497 1592 2525 Rector.
1615 2495 1684 2529 VII,
1710 2496 1780 2525 553.

1199 2538 1276 2577 Sepe
1299 2540 1335 2568 de
1358 2540 1438 2568 meis.
1464 2539 1500 2575 V,
1525 2541 1596 2569 779.

2074 94 2139 126 306
