2299 2921
175 153 239 184 465

175 258 260 285 muS,
294 246 450 289 legimus,
480 249 510 276 et
532 242 718 275 exosculati
742 253 875 282 sumus,
906 244 1067 287 Bonaque
1090 245 1155 277 fide

176 292 218 322 de
241 300 281 322 eo
295 295 465 326 testamur,
490 288 630 329 quisque
654 297 715 317 sua
729 297 838 324 manu,
864 289 953 328 quod
971 298 1155 320 consonum

177 335 220 365 sit
241 333 359 365 unicae
383 337 415 363 et
436 340 536 363 uerae
548 330 717 361 doctrinae
741 330 781 361 de
800 330 861 361 Dei
886 331 1031 362 essentia
1045 336 1077 362 et
1098 342 1154 362 uo-

176 375 320 413 luntate,
343 385 428 416 quae
451 374 470 405 a
493 373 566 404 Deo
589 371 756 413 patefacta
780 378 849 411 est,
872 379 904 404 et
926 374 1155 405 commendata

175 419 289 460 primis
313 417 464 448 Patribus
488 422 518 447 et
537 415 724 456 Prophetis,
746 421 864 456 postea
886 415 1049 448 illustrata
1070 426 1154 448 uoce

175 460 233 502 filij
265 459 328 491 Det
358 459 487 490 Domini
521 459 628 490 nostri
652 455 726 489 le‘su
751 457 893 496 Christi,
921 459 1069 490 crucifixi
1093 470 1154 500 pro
1180 458 1181 468 ¹

175 504 272 534 nobis
297 509 329 534 et
352 502 557 538 resuscitati,
581 506 613 532 et
635 511 720 532 uoce
743 501 979 542 Apostolorum
1003 512 1042 533 ae
1067 502 1154 542 Apo-

674 149 726 180 ΠΙ.
772 149 1002 181 REPETlTlO
1025 149 1345 197 CONFESSIONIS
1367 149 1684 183 AUGUSTANAE.

2126 155 2191 185 466

1179 242 1184 288 Ῑ
1205 252 1273 277 tres
1298 251 1328 277 et
1342 247 1584 288 Praeceptores
1608 252 1782 286 testantur,
1805 257 1921 279 manus
1940 249 2094 289 propriae
2111 251 2189 281 sub-

1180 293 1182 328 [
1205 290 1384 331 scriptione
1407 290 1636 321 confirmatum
1658 288 1747 322 uolo.

1179 329 1182 414 t

1180 434 1181 449 ¹
1271 437 1433 482 Scriptum
1467 438 1688 471 ministrorum
1715 438 1936 471 Ecclesiarum
1971 439 2136 473 Citerioris

1581 489 1803 523 Pomeraniae.

177 544 368 577 stolicorum
409 546 568 576 uirorum:
613 545 664 575 Ac
702 554 911 585 nequaquam
946 543 1181 586 recipiendas}

177 599 255 620 esse
277 588 363 620 ullas
387 583 558 628 o‘piniones
582 594 768 628 pugnantes
787 597 861 618 cum
885 587 942 622 illa
955 589 1058 628 prima
1075 588 1155 618 Pro·
1180 585 1182 622 i

177 632 306 673 phetica
330 632 491 669 doctrina,
513 636 543 660 et
566 629 650 662 uoce
674 628 730 671 filij
756 630 829 661 Dei.

263 717 392 759 Caspar
409 716 514 747 Hedio
528 716 656 747 Doctor
672 714 887 757 Theologiae,
909 716 1034 747 docens
1047 716 1156 748 Euan-

178 759 298 804 gelium
319 761 352 792 in
375 757 527 791 Ecclesia
541 758 603 790 Dei
627 759 658 790 in
682 758 807 801 inclyta
821 760 903 790 urbe
919 759 1156 801 Argentorato,

178 814 277 835 manu
299 804 433 844 propria
456 803 666 842 subscripsit,
690 808 725 833 ut
748 812 812 833 una
836 803 879 833 sit
901 812 968 833 uox
983 801 1157 833 multarum

179 846 417 878 Ecclesiarum.

266 933 431 964 lohannes
465 930 678 962 Marbacbius
713 929 915 972 Theologiae
946 930 1092 968 Doctor,
1125 935 1157 961 et

178 976 300 1007 Pastor
322 974 495 1007 Ecclesiae
519 975 560 1005 acl
581 974 615 1006 S.
639 972 812 1005 Nicolaum
837 974 1067 1015 Argentorati,
1090 983 1157 1004 ma-

176 1029 219 1050 nu
243 1019 375 1060 propria
399 1018 609 1058 subscripsit.

262 1103 388 1134 Beatus
429 1102 596 1143 Geringus
639 1101 789 1132 Minister
824 1100 997 1142 Euangelij
1034 1100 1156 1131 Christi

176 1151 370 1183 ueteranuS,
405 1145 525 1176 Pastor
558 1143 733 1176 Ecclesiae
764 1143 845 1182 Dei,
880 1153 965 1184 quae
999 1144 1086 1184 apud
1115 1143 1156 1174 D.

177 1188 336 1220 Thomam
359 1188 571 1230 Argentorati
596 1187 766 1225 conuenit,
798 1197 896 1218 manu
919 1187 1055 1228 propria
1079 1187 1157 1218 sub-

176 1231 320 1272 scripsit.

262 1315 478 1347 Theobaldus
502 1315 607 1357 Nigri,
633 1315 783 1346 Minister
806 1315 837 1345 in
862 1313 1045 1356 Euangelio
1067 1314 1159 1345 Chri-

177 1359 220 1390 sti
248 1358 422 1390 Ecclesiae
452 1358 768 1399 Argentoratensis‚
797 1367 949 1399 agnosco
979 1357 1159 1399 Chirogra-

176 1402 244 1443 pho
269 1411 357 1439 meo,
380 1400 467 1432 hanc
490 1400 744 1432 Confessionem
768 1400 848 1432 uere
871 1399 993 1431 Christi
1016 1406 1047 1431 et
1071 1401 1158 1440 Apo-

178 1443 342 1476 stolorum
370 1444 555 1475 doctrinam
586 1453 680 1481 esse,
709 1453 794 1484 quae
823 1444 928 1474 uirtus
953 1449 1004 1474 est
1027 1444 1069 1474 ad
1095 1442 1159 1474 sal-

176 1487 319 1518 uandum
343 1487 530 1524 credenteS,
552 1492 685 1527 praeter
708 1496 804 1527 quam
828 1484 952 1517 nullam
974 1484 1070 1517 aliam
1084 1495 1160 1517 esse

176 1529 297 1561 iudico.

265 1613 388 1645 Lucius
411 1612 567 1645 Kvberus
589 1614 631 1644 ad
653 1614 689 1644 S.
715 1613 881 1645 Aureliam
906 1614 1041 1651 Pastor,
1065 1624 1160 1655 prae·
1184 1620 1186 1625 ·

180 1656 330 1687 sentibus
360 1648 482 1693 testo'r,
513 1655 589 1687 huic
617 1656 692 1696 piae
722 1655 933 1687 Confessioni
964 1656 1092 1688 solidae
1127 1663 1160 1688 ct

179 1703 428 1730 consummatae
450 1697 533 1729 nihil
562 1698 759 1736 addendum,
782 1709 890 1739 neque
918 1700 949 1730 in
974 1710 1013 1731 ea
1037 1699 1159 1741 aliquid

179 1741 361 1772 desiderari
391 1750 509 1782 posse,
545 1751 642 1782 quam
671 1746 703 1772 et
733 1751 795 1783 ego
819 1740 960 1772 libenter
984 1743 1159 1781 confiteor,

179 1789 211 1815 et
224 1782 368 1815 Domino
390 1794 451 1825 pro
476 1784 623 1815 reuelata
645 1794 706 1816 sua
729 1783 910 1822 uoluntate,
932 1785 1058 1827 gratias
1082 1796 1158 1827 ago.

265 1869 406 1901 Ioannes
430 1868 626 1910 LenglinuS,
651 1869 771 1900 Pastor
785 1868 958 1901 Ecclesiae
975 1870 1048 1901 lesu
1065 1870 1159 1901 Chri·
1184 1870 1186 1880 ¹

179 1912 220 1943 sti
250 1913 291 1942 ad
320 1913 356 1943 S.
392 1911 613 1944 Guilhelmum
638 1912 869 1954 Argentorati,
903 1914 1037 1954 propria
1061 1924 1159 1945 manu

178 1955 387 1996 subscripsit.

264 2039 456 2071 Ludouicus
480 2039 611 2077 Rabus‚
639 2039 812 2071 Ecclesiae
835 2039 958 2072 Christi
981 2043 1069 2083 apud
1092 2043 1156 2074 Ar·
1182 2051 1183 2056 ¹

178 2088 386 2124 gentoratum
410 2082 572 2120 Minister,
595 2083 681 2114 hanc
704 2082 958 2115 Confessionem
982 2090 1014 2115 et
1037 2085 1157 2116 doctri·
1182 2088 1183 2097 ¹

178 2135 254 2156 nam
284 2124 458 2157 Ecclesiae
483 2125 804 2167 Vuitembergensis,
835 2132 867 2157 et
896 2127 1156 2167 coniunctarum,

203 2178 264 2199 uae
286 2169 357 2199 sine
380 2167 447 2199 ulla
470 2168 674 2199 dubitatione
698 2179 884 2200 consensus
908 2175 958 2201 est
981 2169 1157 2203 Ecclesiae

178 2178 375 2242 Catholicae
398 2210 536 2248 Christi,
566 2221 606 2242 ex
632 2212 740 2243 animo
764 2210 973 2252 amplectitur
994 2223 1157 2255 manuque

178 2254 313 2293 propria
335 2254 547 2294 subscripsit.

267 2336 526 2378 Christopllorus
550 2337 694 2370 Soellius
717 2345 778 2370 sst.

224 2461 235 2493 l
260 2420 464 2471 'Chunradus
492 2423 675 2462 Hubertus,
710 2434 807 2456 manu
839 2434 912 2456 mea
940 2426 1156 2458 subscribere

178 2472 221 2494 uo
238 2474 279 2494 m.

264 2547 482 2581 Leonhardus
512 2549 701 2589 Fontanus,
739 2551 890 2583 Minister
924 2558 955 2583 et
982 2552 1153 2584 Diaconus

148 2610 152 2613 -
179 2589 351 2624 Ecclesiae
378 2592 414 2623 S.
444 2592 574 2624 Nicolai
597 2594 817 2636 Argendnae,
848 2595 933 2626 idem
964 2596 1052 2637 quod
1074 2596 1154 2628 Fra-

382 2660 531 2683 MELANTH.
545 2661 627 2680 OPER.
641 2661 704 2681 voL.
716 2662 817 2681 xxvm.

1411 596 1558 628 Salutem
1584 604 1616 628 et
1636 607 1754 638 pacem
1776 598 1807 628 in
1834 597 1980 629 Christo.

1295 673 1401 709 Quum
1430 673 1675 705 Illustrissimus
1706 675 1867 715 Princeps
1897 673 2087 716 Philippus,
2112 675 2191 708 Dux

1181 723 1183 746 fi
1208 717 1469 756 Stettinensium,
1493 717 1727 755 Pomeraniae,
1750 716 1989 749 cassubiorum
2013 725 2074 749 etc.
2120 718 2190 750 Do-

1208 760 1314 790 minus
1344 765 1458 791 noster
1486 759 1783 797 clementissimus,
1813 760 1831 791 ἐι
1861 761 1957 791 nobis
1981 767 2126 801 peteret,
2154 767 2192 793 ut

1208 803 1300 833 iuxta
1328 803 1470 833 edictum
1493 803 1698 834 inuictissimi
1721 803 1932 844 Imperatoris
1957 803 2080 842 Caroli,
2102 814 2191 836 sum-

1181 845 1184 913 Ι
1208 856 1293 876 mam
1326 845 1512 884 doctrinae,
1541 856 1625 887 quae
1654 846 1686 876 in
1717 845 1881 887 Ecclesijs
1914 852 1945 877 et
1969 846 2104 878 Scholis
2131 857 2190 878 no-

1209 889 1287 918 stris
1308 898 1430 928 magno
1453 898 1619 919 consensu
1642 888 1797 926 traditur,
1831 889 1924 920 breui
1951 891 2078 931 scripto
2103 900 2191 922 com-

1182 917 1185 995 Ι
1208 929 1425 971 prehensam,
1452 930 1712 972 congruentibus
1739 933 1881 963 omnium
1904 931 2090 976 suffragijs,
2121 933 2191 964 Tri-

1211 973 1364 1004 dentinae
1392 973 1530 1015 Synodo
1559 973 1768 1005 offerremus:
1796 985 1861 1005 non
1892 976 2054 1016 grauatim
2084 976 2117 1006 id
2139 985 2192 1007 ne-

1212 1016 1318 1058 gocij,
1353 1017 1442 1057 quod
1472 1017 1602 1057 pietati,
1635 1017 1801 1055 iusticiac,
1842 1023 1873 1048 et
1914 1025 2093 1058 praecepto
2128 1018 2194 1051 Dei

1211 1058 1351 1090 maxime
1372 1066 1631 1090 consentaneum
1651 1065 1733 1093 erat,
1756 1061 1976 1101 suscepimus.
2008 1061 2074 1093 Sed
2093 1072 2194 1103 quum

1210 1102 1242 1132 id
1268 1102 1363 1133 etiam
1382 1103 1539 1143 temporis
1556 1109 1668 1133 uestra
1683 1101 1851 1134 confessio
1870 1102 2086 1134 lllustrissimi
2101 1105 2194 1135 Prin-

1213 1145 1295 1186 cipis
1318 1145 1410 1175 iussu
1434 1145 1530 1176 nobis
1555 1145 1776 1183 exhiberetur,
1799 1156 1838 1176 ac
1856 1147 2195 1178 animaduerteremus

1212 1188 1346 1219 recitari
1368 1187 1401 1218 in
1425 1198 1464 1219 ea
1491 1189 1674 1220 doctrinam
1700 1199 1828 1226 ueram,
1852 1190 1938 1229 piam
1961 1196 1993 1220 et
2016 1188 2195 1221 salutarem

1184 1238 1186 1271 Q
1212 1230 1398 1268 Ecclesiae,
1420 1229 1519 1271 plane
1543 1238 1780 1272 congruentem
1800 1242 1875 1263 cum
1894 1232 2027 1272 scriptis
2048 1231 2194 1274 Prophe-

1213 1274 1285 1304 ticis
1315 1279 1347 1304 et
1370 1273 1592 1313 Apostolicis:
1626 1275 1733 1305 uisum
1768 1280 1821 1305 est
1849 1275 2002 1306 omnibus
2032 1275 2194 1306 Ministris

1214 1322 1245 1347 et
1274 1316 1467 1347 doctoribus
1490 1315 1718 1348 Ecclesiarum
1748 1318 1801 1359 qui
1831 1316 2086 1359 Grypsuualdae
2117 1328 2195 1350 con-

1214 1365 1384 1397 uenerant,
1409 1365 1443 1390 ut
1464 1360 1611 1390 instituto
1626 1358 1742 1391 labore
1761 1362 2029 1401 supersedentes,
2050 1366 2196 1393 uestram

1214 1402 1459 1433 confer-sionem
1488 1403 1612 1433 nostris
1635 1404 1780 1434 omnium
1807 1403 1975 1446 suffragijs
1999 1405 2195 1444 comproba-

1213 1455 1335 1483 remuS,
1359 1455 1399 1475 ac
1422 1450 1457 1476 ut
1480 1452 1627 1476 nostram
1651 1453 1682 1477 et
1706 1444 1928 1478 illustrissimo
1948 1446 2102 1488 principi,
2125 1446 2196 1478 Tri·

1213 1488 1366 1519 dentinae
1390 1487 1528 1529 Synodo
1554 1488 1757 1520 offerremus.
1803 1489 1915 1524 Quare
1939 1489 1993 1520 hic
2016 1489 2125 1530 palam
2149 1496 2196 1521 te-

1184 1546 1186 1559 1
1212 1536 1338 1562 stamur
1361 1537 1394 1562 et
1421 1529 1623 1562 affirmamus
1648 1542 1759 1563 coram
1784 1532 1857 1564 Deo
1880 1538 1911 1564 et
1934 1534 2087 1564 omnibus
2111 1533 2196 1565 San-

1184 1609 1185 1612 *
1212 1575 1274 1605 ctis
1298 1574 1329 1604 in
1354 1572 1449 1605 coelo
1474 1580 1506 1604 et
1528 1574 1561 1604 in
1584 1579 1673 1605 terra
1695 1575 1890 1614 doctrinam,
1914 1586 2001 1618 quae
2023 1577 2055 1606 in
2079 1581 2194 1608 uestra

1212 1615 1433 1648 Confessione
1456 1617 1669 1657 proponitur,
1697 1628 1810 1649 uerum
1840 1624 1871 1649 et
1900 1624 2091 1659 perpetuum
2115 1628 2193 1650 esse

1212 1669 1412 1691 consensum
1446 1658 1632 1690 catholicae
1665 1659 1838 1692 Ecclesiae
1878 1660 1934 1703 filij
1967 1661 2030 1692 Dei
2059 1661 2193 1692 Domini

1211 1703 1315 1733 nostri
1340 1703 1415 1733 lesu
1434 1701 1576 1741 Christi,
1606 1713 1735 1744 nosque
1762 1714 1835 1735 eam
1857 1710 1927 1736 toto
1958 1710 2092 1745 pectore
2121 1714 2188 1736 am-

1210 1745 1326 1786 plecti,
1359 1755 1399 1776 ac
1429 1755 1552 1777 sonare
1581 1746 1612 1776 in
1635 1747 1759 1777 nostris
1784 1746 1967 1789 Ecclesijs,
1997 1747 2191 1788 Academijs

1211 1795 1243 1819 et
1267 1787 1414 1826 Scholis,
1437 1800 1477 1820 ac
1502 1788 1576 1819 Deo
1599 1789 1731 1820 iuuante
1754 1790 1796 1820 ad
1815 1800 1943 1821 omnem
1963 1791 2193 1822 aeternitatem

1184 1846 1186 1864 2
1212 1836 1406 1862 constanter
1434 1830 1649 1871 professuros
1678 1842 1718 1862 ac
1746 1832 1943 1864 defensuros
1973 1843 2058 1864 esse.
2094 1833 2192 1868 Quod

1211 1884 1311 1915 quum
1340 1873 1383 1904 ita
1413 1875 1472 1908 sit,
1502 1880 1694 1905 reuerenter
1721 1884 1871 1913 oramus,
1908 1883 1942 1908 ut
1966 1887 2026 1917 pro
2051 1886 2192 1908 comme-

1183 1923 1185 1955 j
1210 1914 1360 1947 morabili
1391 1923 1504 1947 uestra
1533 1927 1613 1958 erga
1644 1927 1706 1947 nos
1736 1918 1856 1958 pietate
1884 1925 1916 1950 et
1946 1919 2191 1958 beneuolentia,

1182 1956 1184 1965 ¹
1210 1965 1344 1990 nostras
1374 1959 1563 1997 Eccles=as,
1590 1965 1621 1991 et
1651 1970 1710 1992 eos
1741 1961 1796 2002 qui
1825 1961 1941 1993 harum
1964 1961 2192 1995 Ecclesiarum

1209 2003 1341 2033 nomine
1363 2001 1473 2034 isthuc
1491 2003 1689 2041 emittuntur,
1712 2003 1874 2041 doctrina,
1899 2004 2039 2036 consilio
2058 2011 2091 2036 et
2103 2006 2192 2037 omni

1211 2055 1334 2087 genere
1367 2044 1467 2084 officii
1503 2046 1639 2083 iuuetis,
1681 2047 1845 2087 uobisque
1879 2048 2126 2080 commendatos
2158 2053 2192 2080 et

1211 2088 1407 2119 coniunctos
1435 2098 1510 2120 esse
1533 2089 1670 2126 sinatis,
1700 2099 1740 2121 ac
1763 2090 1894 2120 omnino
1919 2091 2090 2128 statuatis,
2113 2101 2189 2130 nos,

1211 2142 1285 2163 cum
1308 2131 1348 2162 de
1371 2133 1479 2162 sacris
1503 2132 1722 2173 caeremonijs
1752 2133 1784 2163 in
1808 2132 1991 2174 Euangelio
2021 2134 2191 2173 institutis,

1210 2180 1276 2204 tum
1299 2184 1382 2205 uero
1413 2175 1454 2205 de
1480 2176 1636 2206 uniuersa
1660 2176 1808 2206 doctrina
1832 2175 1987 2212 coelesti,
2017 2176 2123 2217 deque
2147 2177 2190 2208 ri—

1210 2217 1298 2247 tibus
1337 2217 1380 2247 ad
1409 2218 1571 2249 eutaxiam
1598 2216 1772 2249 Ecclesiae
1800 2219 2055 2259 pertinentibus,
2089 2217 2190 2260 plane

1209 2260 1296 2290 idem
1325 2260 1498 2291 uobiscum
1527 2260 1664 2297 sentire,
1698 2271 1761 2292 nec
1792 2260 1864 2291 Deo
1889 2262 1986 2292 dante
2015 2271 2188 2302 passuros,

1210 2307 1245 2332 ut
1272 2300 1349 2332 ullis
1378 2313 1522 2343 unquam
1553 2304 1755 2342 temporibus
1783 2304 1825 2334 ab
1856 2304 1918 2334 hac
1948 2304 2110 2335 sententia
2132 2305 2188 2336 de-

1208 2343 1379 2385 pellantur.
1431 2345 1705 2377 Commendamus
1734 2346 1831 2376 etiam
1859 2345 1926 2377 filio
1956 2346 2020 2377 Dei
2043 2346 2188 2380 Domino

1209 2393 1326 2418 nostro
1351 2388 1424 2419 lesu
1444 2386 1578 2419 Christo
1604 2394 1748 2418 uestram
1771 2387 1923 2425 salutem,
1955 2398 2097 2430 eumque
2116 2395 2187 2421 toto

1208 2436 1346 2470 pectore
1368 2436 1399 2461 et
1422 2431 1614 2462 ardentibus
1636 2431 1721 2462 uotis
1745 2441 1894 2469 oramus,
1924 2437 1958 2462 ut
1979 2433 2129 2464 actiones
2153 2438 2187 2464 et

1210 2479 1350 2504 conatus
1379 2479 1510 2504 uestros
1534 2479 1628 2514 regat
1656 2479 1689 2504 et
1714 2472 1861 2505 fortunet
1883 2474 1925 2506 ad
1948 2473 2088 2516 gloriam
2111 2485 2187 2507 san-

1180 2516 1345 2546 ·ctissimi
1379 2516 1429 2547 sui
1464 2516 1623 2553 nominis,
1661 2522 1694 2546 et
1722 2517 1765 2547 ad
1798 2516 1967 2548 utilitatem
2002 2516 2184 2549 Ecclesiae.

1179 2546 1183 2608 Ι
1208 2557 1300 2589 Bene
1329 2565 1361 2589 et,
1389 2557 1530 2589 feliciter
1557 2558 1667 2589 ualeat
1694 2557 1736 2589 V.
1764 2557 1801 2589 E.
1833 2559 1864 2590 in
1895 2559 2047 2598 Christo,
2076 2561 2128 2592 cui
2151 2565 2185 2591 et

1179 2632 1181 2634 ,
1206 2606 1340 2632 nostras
1356 2599 1528 2632 Ecclesias
1551 2607 1583 2632 et
1606 2601 1747 2632 honesta
1769 2603 1879 2634 studia
1901 2603 1965 2644 pijs
1988 2604 2074 2634 uotis
2096 2613 2189 2647 com-⁸

1944 2664 1979 2687 30
