2299 2921
1381 27 1397 43 ἡ

166 139 210 172 53
243 142 249 147 ’
943 135 966 166 1.
1011 134 1220 167 ANNALES
1242 133 1386 166 ViTAE.
2129 135 2174 168 54

167 237 246 273 Aug.
308 236 335 263 5.
359 233 428 262 Mel.
452 233 557 270 accipit
580 233 699 267 litteras,
723 232 827 268 quibus
848 232 877 258 in
897 231 1024 259 Galliam
1048 236 1177 259 vocatur.

306 278 334 306 6.
358 276 542 306 Camerarius
565 275 692 304 decrevit
713 274 877 310 Tubingam
902 283 932 302 se
956 274 1095 302 conferre.
1120 291 1161 295 —
1185 274 1252 302 Mel.
1273 277 1357 311 parat
1379 281 1485 300 novam
1509 272 1666 300 editionem
1689 272 1818 300 locorum
1841 272 2082 310 theologicorum.

286 321 332 348 15.
356 319 425 347 Mel.
444 319 560 355 Torgae
584 322 627 345 est
651 321 678 344 et
700 318 773 353 petit
796 322 986 344 commeatum
1011 318 1047 344 ad
1069 318 1124 345 iter
1147 319 1177 345 in
1201 316 1345 350 Galliam,
1375 316 1425 353 qui
1449 324 1517 344 vero
1541 315 1650 343 duriter
1673 319 1796 352 negatur
1815 325 1833 343 a
1856 316 1993 353 Principe
2020 315 2172 344 Electore.

286 364 332 392 17.
355 362 500 390 Lutherus
521 371 573 398 pro
597 360 784 388 Melanthone
806 360 960 387 intercedit
983 361 1059 396 apud
1084 360 1248 397 Principem
1271 359 1444 387 Electorem.

285 406 334 434 19.
358 404 502 432 Lutherus
526 404 554 431 in
580 403 720 440 epistola:
747 402 922 439 „Philippus
944 403 1235 439 subindignabundus
1257 403 1323 430 hinc
1344 401 1480 429 discessit
1497 409 1597 428 rursus
1616 401 1652 428 ad
1677 400 1805 428 Ienam.“

283 448 331 475 24.
354 446 465 474 Durior
487 446 610 483 epistola
633 445 778 482 Principis
800 445 892 473 Elect.
918 445 954 472 ad
977 445 1204 474 Melanthonem.
1227 462 1270 465 -
1293 444 1397 482 (Fama
1419 453 1519 482 sparsa
1543 447 1605 471 crat
1627 443 1819 480 Vitebergae‚
1848 452 1932 472 veros
1955 443 2068 481 legatos
2092 443 2170 481 regis

392 488 508 517 Galliae
530 489 560 516 in
582 489 684 516 itinere
704 489 816 515 occisos
840 496 904 515 esse
928 491 955 515 et
973 497 990 515 a
1013 488 1138 525 Papistis
1161 489 1234 516 alios
1263 488 1435 516 subornatos
1458 496 1520 515 esse
1547 496 1611 514 cum
1634 486 1738 514 litteris
1762 487 1798 514 ad
1825 486 2035 514 extrahendum
2058 485 2170 514 Melan-

391 532 520 560 thonem.
567 531 632 558 vid.
653 540 696 568 cp.
722 531 748 558 d.
767 530 794 558 d.
822 532 847 558 1.
870 529 949 567 Sept.
973 531 1001 558 h.
1027 532 1069 567 a.)

286 575 337 605 29.
360 575 502 612 Princeps
523 574 641 602 Elector
663 573 844 601 Melanthoni
867 573 963 601 denuo
986 574 1094 610 petenti
1117 578 1309 601 commeatum
1327 573 1461 610 denegat.

285 619 334 647 31.
359 617 530 646 Melanthon
554 616 685 653 querelas
707 625 774 643 suas
798 616 918 643 effundit
940 617 969 643 in
993 616 1088 644 sinum
1112 616 1271 645 Camerarii
1294 616 1347 645 sui.

357 660 426 689 Hoc
448 669 548 688 meuse
571 660 647 686 dicat
669 659 748 687 locos
767 659 947 695 theologicos
972 658 1047 695 Regi
1073 659 1207 696 Angliae⁷
1232 660 1317 696 eique
1339 659 1439 686 scribit
1461 667 1513 695 per
1536 657 1678 692 Alesium‚
1697 666 1783 694 quem
1804 657 1890 684 simul
1917 657 2050 685 Thomae
2078 654 2172 684 Cran-

391 712 479 737 mero,
504 702 684 739 Archiepisc.
714 701 931 736 cantuariensi,
962 702 1153 729 commendat.
1178 718 1217 722 —
1242 702 1388 729 Henricus
1415 711 1469 729 rex
1497 700 1679 728 Melanthoni
1708 700 1858 737 respondit
1880 700 1908 728 d.
1935 701 1960 728 1.
1990 699 2055 727 Oct.
2087 699 2171 736 eique

391 746 452 773 200
476 745 551 773 Duc.
573 745 650 772 dono
674 745 752 772 misit
775 746 847 780 (non
865 754 918 782 pro
941 745 1149 772 commentario
1167 745 1197 772 in
1226 754 1270 781 ep.
1301 745 1337 772 ad
1365 744 1529 778 Romanos,
1558 749 1591 771 ut
1619 741 1845 771 Seckendorfius
1867 743 1897 770 in
1918 743 1985 771 hist.
2012 742 2100 771 Luth.
2132 751 2170 770 ex

392 797 487 816 errore
510 788 606 822 dixit).

166 831 248 869 Sept.
308 833 333 859 1.
358 831 429 859 Mel.
453 831 559 869 accipit
577 831 688 858 litteras
710 829 847 863 Lutheri,
871 830 974 866 quibus
995 830 1181 866 Vitebergam
1204 830 1341 857 invitatur
1363 829 1400 856 ad
1423 829 1648 866 disputationem
1671 828 1877 864 theologicam.

303 874 331 902 2.
357 874 510 910 Prodigio‚
534 874 610 910 quod
634 873 686 900 sibi
711 873 820 910 aliquid
840 873 907 900 mali
931 873 1103 909 portendere
1125 877 1217 908 putat,
1242 872 1323 899 valde
1346 876 1485 899 movetur.
1510 889 1553 892 —
1576 871 1747 899 Eobanus
1772 871 1913 899 Hessus
1935 871 1990 899 fuit
2009 871 2088 908 apud
2110 870 2172 898 Me-

389 916 563 944 lanthonem.

305 961 333 987 7.
357 957 430 986 Cum
454 957 628 996 Crucigero‚
653 958 788 995 Myconio
812 962 840 985 et
868 957 967 985 Menio
994 957 1180 993 Vitebergam
1210 957 1401 993 proficiscitur
1429 958 1465 985 ad
1493 957 1652 985 solemnem
1680 957 1904 994 disputationem
1934 965 1998 985 cum
2027 955 2167 992 Wellcro,

390 1001 603 1038 Freibergensi,
628 1006 657 1029 et
679 1001 826 1028 Mechlero
848 1000 1019 1028 habendam.

282 1046 330 1074 10.
355 1043 498 1072 Solemnis
520 1044 677 1081 disputatio
700 1043 820 1070 Welleri
838 1043 1022 1079 Vitebergae.

287 1088 334 1114 12.
358 1087 516 1121 Lutherus,
546 1086 701 1122 Cruciger,
734 1085 822 1113 Ionas
854 1089 881 1112 et
912 1085 1110 1122 Bugenhagen
1140 1088 1243 1121 petunt
1272 1093 1290 1111 a
1319 1084 1455 1121 Principe
1484 1083 1592 1119 Elect.‚
1622 1090 1654 1112 ut
1679 1084 1861 1112 Mclanthoni
1885 1085 2032 1121 permittat
2058 1084 2113 1113 iter
2139 1084 2171 1112 in

392 1129 543 1165 Angliam,
567 1138 624 1165 quo
648 1133 766 1156 vocatus
791 1132 859 1155 erat.

290 1172 336 1199 18.
363 1171 532 1199 Melautbon
556 1171 658 1198 iterum
684 1171 762 1198 venit
786 1171 883 1197 lenam
908 1170 992 1197 simul
1017 1179 1081 1197 cum
1106 1170 1234 1198 Antonio
1258 1170 1385 1202 Barnes,
1409 1169 1506 1206 legato
1529 1169 1637 1206 Anglo.

289 1214 337 1242 27.
362 1213 469 1242 Scribit
488 1214 616 1251 Principi
640 1214 768 1241 Electori
790 1222 964 1250 responsum
989 1214 1058 1241 Ant.
1084 1212 1226 1241 Barnesio
1245 1213 1383 1240 dandum.

362 1256 489 1284 Enarrat
512 1257 598 1284 lenae
622 1256 773 1294 epistolam
797 1256 833 1283 ad
858 1256 1014 1283 Romanos.

166 1298 234 1328 Oct.
310 1300 338 1327 4.
363 1297 613 1327 Circumferuntur
636 1299 750 1326 articuli
772 1299 849 1332 fidoi,
873 1299 902 1326 in
929 1298 1027 1326 Gallia
1049 1298 1120 1332 nati,
1139 1298 1192 1325 sub
1214 1299 1331 1326 nominc
1353 1297 1431 1333 Mel..
1456 1298 1508 1325 sed
1531 1298 1612 1325 nothi
1636 1302 1664 1325 et
1686 1297 1851 1325 adulterini.

309 1343 336 1370 5.
361 1342 503 1379 Princeps
532 1342 649 1369 Elector
677 1342 779 1369 iterum
808 1346 939 1369 amanter
968 1341 1004 1368 ad
1028 1341 1096 1368 Mel.
1125 1341 1262 1377 loquutus
1295 1346 1355 1374 est,
1384 1350 1473 1377 quare
1502 1345 1530 1367 et
1557 1341 1603 1368 hic
1632 1341 1825 1369 offensionem
1847 1340 1936 1368 animi
1964 1340 2108 1378 deposuit.
2130 1356 2171 1361 ——-

390 1383 497 1412 Scribit
521 1385 607 1412 Mel.:
631 1384 827 1421 „Exemplum
851 1384 906 1411 mei
929 1384 1041 1412 consilii
1064 1384 1143 1411 missi
1167 1385 1196 1411 in
1221 1383 1335 1412 Gallias
1362 1384 1414 1411 tibi
1437 1384 1563 1417 mittam;
1585 1393 1661 1412 nunc
1684 1384 1760 1412 enim
1784 1393 1844 1411 non
1866 1383 2008 1412 habebam
2030 1383 2087 1411 nisi
2107 1383 2172 1412 uni-

391 1436 471 1462 cum⁷
496 1432 524 1454 et
553 1437 610 1455 non
634 1428 704 1461 edo,
728 1437 764 1454 ne
786 1436 879 1455 novae
902 1427 1113 1464 disputationes
1133 1427 1200 1454 inde
1223 1427 1381 1455 oriantur.“

361 1470 467 1497 Iterum
492 1475 610 1498 vocatur
633 1471 662 1497 in
685 1470 830 1507 Angliam.

288 1513 335 1540 14.
359 1511 444 1549 Legit
468 1513 590 1549 primum
614 1513 718 1540 librum
743 1513 903 1540 Ptolemaei
924 1513 959 1540 de
984 1512 1118 1546 Iudiciis,
1143 1522 1160 1539 a
1183 1511 1351 1540 camerario
1373 1512 1491 1540 editum.

290 1555 337 1583 18.
362 1554 468 1583 Scribit
490 1556 526 1583 ad
550 1555 688 1583 Fechtum
712 1556 747 1583 de
770 1554 1024 1583 Schwenckfeldio
1047 1561 1075 1583 et
1098 1555 1228 1589 Franco,
1248 1561 1276 1582 ct
1297 1556 1333 1583 ad
1357 1555 1468 1583 Leonh.
1492 1554 1617 1583 Eckium
1640 1555 1676 1582 de
1699 1554 1867 1583 Aristotelis
1890 1554 2016 1592 scriptis.

286 1597 336 1626 28.
361 1598 449 1625 Ionae
471 1603 584 1632 narrat,
608 1608 666 1635 quo
687 1599 716 1625 in
740 1602 816 1626 statu
845 1604 974 1626 versetur
996 1599 1096 1627 schola
1119 1598 1338 1635 Vitebergensis
1359 1598 1457 1627 lenae.

166 1639 247 1669 Nov.
307 1641 335 1669 4.
359 1640 468 1669 Paulus
491 1641 664 1678 Vergerius,
688 1641 800 1678 legatus
824 1641 1013 1675 Pontificius,
1039 1641 1168 1677 Principi
1194 1641 1323 1669 Electori
1347 1642 1502 1669 adventum
1526 1649 1610 1668 suum
1633 1640 1799 1668 annunciat.

304 1684 332 1712 5.
356 1682 462 1712 Scribit
485 1684 671 1712 Melanthon:
698 1684 782 1721 „Ego
806 1684 891 1711 hodie
911 1689 1002 1712 totum
1025 1685 1102 1712 diem
1121 1685 1288 1721 consumpsi
1310 1684 1340 1712 iu
1364 1683 1640 1721 scriptionibus
1669 1684 1711 1711 ad
1733 1682 2106 1711 Frankofurdienses
2134 1682 2172 1710 de

389 1727 517 1764 negotio,
540 1732 571 1755 ut
593 1727 664 1761 scis,
688 1726 962 1763 periculosissimo.“

356 1769 465 1797 Vitus
488 1770 708 1798 Theodorus
732 1770 889 1806 Viteberga
907 1770 986 1798 abiit.
1012 1787 1051 1791 -—
1077 1770 1267 1807 Incipiunt
1295 1769 1481 1807 epistolae
1508 1769 1551 1797 ad
1581 1769 1702 1797 Vitum
1726 1768 1969 1796 Theodorum.

305 1813 333 1839 6.
357 1812 467 1840 Paulus
491 1813 648 1850 Vergerius
670 1817 712 1840 est
734 1812 920 1848 Vitebergae.

305 1855 333 1883 7.
359 1855 514 1891 Vergerius
534 1856 705 1892 colloquitur
725 1864 788 1883 eum
811 1854 949 1884 Luthero.

282 1897 328 1925 10.
353 1897 493 1934 Princeps
517 1897 633 1926 Elector
655 1898 780 1934 Pragam
804 1899 896 1933 venit,
919 1899 1012 1927 iturus
1036 1899 1189 1926 Viennam.
1212 1915 1254 1918 —
1278 1898 1411 1926 Basileae
1435 1898 1529 1926 editur
1553 1895 1570 1935 ἡ
1592 1895 1705 1935 μεγάλη
1727 1890 1861 1933 σύνταξις
1885 1896 2056 1925 Ptolemaei.

287 1940 335 1968 14.
360 1940 530 1968 Melanthon
555 1947 583 1968 et
605 1941 755 1969 Pontauus
779 1941 985 1978 colloquuntur
1008 1951 1071 1969 cum
1096 1941 1257 1976 Barnesio,
1280 1941 1376 1977 legato
1399 1941 1489 1978 Augl.

287 1983 332 2010 16.
356 1982 426 2010 Mel.
446 1984 545 2011 scribit
565 1993 738 2019 responsum
761 1984 834 2021 Regi
860 1985 984 2021 Angliae
1007 1985 1142 2012 dandum.

288 2027 335 2054 17.
360 2026 445 2054 Vitus
468 2027 640 2054 Theodorus
662 2027 792 2054 consedit
814 2026 1025 2064 Noriubergae.
1071 2027 1129 2063 (Ibi
1154 2031 1278 2055 exeunte
1301 2036 1378 2054 anno
1402 2036 1523 2054 uxorem
1545 2026 1653 2058 duxit.)

287 2069 332 2097 19.
356 2068 529 2097 Franciscus
551 2068 666 2097 Galliae
690 2078 742 2096 rex
768 2070 854 2097 mittit
877 2068 956 2098 Guil.
981 2070 1123 2098 Bellaium
1147 2071 1183 2097 ad
1206 2070 1359 2107 Principes
1381 2069 1508 2097 Protest.

285 2111 333 2139 ⁶25.
357 2112 495 2139 Mandata
518 2112 662 2149 Principis
686 2112 839 2146 Electoris,
863 2113 933 2148 quid
953 2113 1126 2141 consiliariis
1149 2113 1209 2141 suis
1231 2123 1296 2141 cum
1322 2113 1464 2149 Vergerio
1487 2113 1600 2149 Pragae
1622 2111 1765 2149 agendum
1789 2110 1834 2138 sit.

285 2154 334 2183 30.
359 2155 444 2182 Actio
467 2155 599 2192 Vergerii
622 2164 686 2182 cum
708 2155 844 2191 Principe
866 2154 957 2183 Elect.
981 2156 1100 2193 Pragae.

358 2198 457 2225 Mense
482 2197 559 2225 Nov.
584 2197 752 2225 Melanthon
774 2198 809 2225 ad
835 2196 923 2226 Conr.
948 2198 1177 2226 Heresbachium
1201 2198 1301 2225 scribit
1323 2198 1359 2225 de
1383 2197 1505 2226 consilio
1529 2198 1565 2225 ad
1585 2196 1689 2225 Gallos
1712 2196 1810 2224 misso.

171 2238 242 2267 Dec.
308 2241 334 2268 1.
356 2240 466 2267 Paulus
490 2240 648 2277 Vergerius
668 2249 750 2267 suam
774 2241 946 2268 sententiam
969 2241 1069 2269 scribit
1091 2241 1128 2269 zd
1152 2241 1317 2278 Principem
1338 2241 1511 2269 Electorem.

359 2283 427 2310 Mel.
451 2284 560 2320 gratias
583 2283 644 2320 agit
665 2283 726 2320 regi
750 2283 874 2320 Augliae
896 2293 950 2320 pro
973 2284 1050 2311 dono
1075 2283 1135 2311 200
1160 2283 1234 2311 Duc.
1258 2289 1387 2320 accepto.
1411 2301 1450 2304 —
1479 2283 1553 2312 Cum
1577 2280 1736 2319 crucigero
1767 2286 1795 2308 et
1820 2280 1950 2309 Antonio
1972 2280 2058 2309 Musa
2080 2280 2171 2308 inter-

392 2332 477 2362 rogat
499 2325 586 2353 Ienae
610 2326 829 2362 Anabaptistas.
876 2326 956 2361 (Vid.
979 2336 1024 2363 ep.
1046 2327 1073 2353 d.
1099 2327 1127 2354 3.
1152 2326 1211 2354 Ian.
1240 2327 1346 2362 1536.)

308 2367 334 2395 6.
358 2367 499 2405 Princeps
522 2368 639 2396 Elector
662 2369 788 2402 mandat,
812 2372 843 2396 ut
865 2368 1010 2397 Lutherus
1033 2369 1133 2397 lenam
1157 2369 1252 2397 veniat
1275 2369 1311 2397 ad
1334 2369 1559 2406 colloquendum
1582 2377 1645 2396 cum
1669 2366 1773 2403 legatis
1794 2365 1886 2403 Regis
1909 2365 2043 2403 Angliae.
2082 2365 2166 2403 (Hoc

393 2410 567 2447 colloquium
590 2412 763 2448 Vitebergae
781 2411 910 2439 habitum
932 2413 997 2447 est.)

360 2452 433 2480 Fere
460 2455 505 2481 10.
530 2454 597 2481 Mel.
621 2463 685 2482 cum
709 2454 845 2491 Principe
867 2454 1001 2482 Electore
1022 2453 1331 2482 Schmalcaldiam
1355 2455 1392 2482 ad
1415 2458 1588 2482 conventum
1612 2452 1812 2490 proficiscitur.

287 2496 335 2523 15.
358 2496 445 2523 Actio
467 2496 554 2533 legati
578 2497 666 2533 Angli
690 2506 754 2524 cum
776 2497 910 2525 Pontano
933 2502 961 2525 et
984 2497 1139 2525 Francisco
1161 2497 1340 2526 Burchardo.

217 2538 264 2566 18.
290 2538 336 2566 19.
359 2537 485 2575 Legatus
506 2539 583 2576 regis
607 2538 721 2568 Galliae
742 2540 898 2578 alloquitur
920 2540 1072 2578 Principes
1094 2540 1124 2568 in
1148 2545 1301 2568 conventu.

287 2581 335 2609 20.

359 2581 431 2618 Agit
452 2581 582 2610 Bellaius
605 2591 670 2610 cum
688 2582 833 2611 Pontano.
