2299 2921
153 102 211 132 111
236 136 238 139 .

150 325 214 354 Ian.

150 582 236 611 Febr.

150 1010 235 1039 Mart.

152 1353 248 1392 April.

150 1570 219 1598 Mai.

153 2085 217 2113 Iun.

152 2427 210 2458 Iul.

285 328 297 354 ...-

269 497 317 525 20.

268 539 316 568 25.

290 583 316 610 1.

288 1010 305 1082 κιω

269 1139 316 1167 13.

269 1183 316 1211 14.

269 1225 316 1253 18.

267 1269 316 1297 21.

272 1353 320 1383 25.

270 1397 319 1426 29.

287 1657 314 1770 «15:102

273 2214 322 2243 24.

273 2257 323 2286 28.

272 2558 320 2586 18.

798 101 983 133 PHlLlPPl
1007 100 1326 132 MELANTHONIS
1350 99 1510 132 OPERA.
2100 104 2162 135 112

998 244 1153 276 ANNO
1194 244 1316 276 1550.

304 348 310 354 .
335 326 403 354 Mel.
427 325 525 354 scribit
549 325 585 352 ειά
607 324 718 352 Lucam·
741 323 876 352 Lossium
901 324 937 351 de
961 323 1081 352 canticis
1101 324 1199 351 sacris.

339 369 390 397 Est
413 368 538 405 Lipsiae.

307 434 313 439 .
336 412 404 440 Mel.
430 411 512 438 valde
537 410 625 446 cupit,
648 415 677 437 ut
702 408 828 437 Sabinus
851 410 923 437 duas
947 409 1074 437 minores
1097 408 1171 436 filias
1195 418 1231 436 cx
1252 411 1339 437 Anna
1361 415 1516 447 conceptas
1538 411 1698 448 (Martham
1719 418 1745 439 et
1765 411 1969 448 Catharinam)
1992 413 2096 442 iterum
2110 413 2158 442 Vi-

376 453 523 489 tebergam
547 453 651 487 mittat,
681 453 756 488 qnod
782 462 850 480 vero
873 453 921 480 hic
943 452 1108 488 denegavit.
1153 452 1233 484 (Vid.
1257 462 1300 490 ep.
1324 453 1350 480 d.
1376 454 1422 481 15.
1446 455 1532 490 Apr.)

341 495 537 524 Proficiscitur
566 495 786 532 Merseburgum
809 496 844 523 ad
869 494 1029 532 Georgium
1053 495 1185 529 Anhalt.‚
1209 504 1267 531 quo
1290 496 1375 523 etiam
1400 496 1565 524 Ioachimus
1586 494 1770 525 Camerarius
1795 498 1883 525 venit.

341 538 453 566 Prodiit
479 537 676 566 Melanthonis
699 538 820 566 oratio
844 539 886 565 de
910 537 1065 572 Ioanne⁷
1085 536 1168 565 Duce
1192 537 1260 566 Sax.
1286 538 1428 567 Electore.

339 581 431 609 Missa
453 580 612 617 pontificia,
635 585 712 608 totos
735 581 793 609 iam
817 582 852 609 21
879 590 972 609 annos
994 581 1167 615 intermissa,
1190 581 1293 608 iterum
1317 581 1479 610 celebratur
1498 583 1683 619 Argentorati
1706 583 1736 610 in
1759 583 1850 611 tribus
1873 583 1988 620 templis
2011 583 2160 622 Episcopo

378 623 537 661 permissis,
562 623 637 651 unde
658 624 799 652 tumultus
821 624 914 661 plebis
942 624 1040 651 oritur.

309 689 314 695 .
340 667 426 694 Initia
450 666 666 694 controversiae
690 667 725 695 de
747 676 829 695 sacra
853 676 944 695 coena
967 667 1101 699 Bremae,
1136 676 1200 694 cum
1225 666 1456 704 Hardenbergio.

264 711 267 715 ⁴
308 734 314 739 .
339 710 462 737 Ioannes
486 709 579 736 Maria
598 710 765 744 Montanus,
789 709 964 744 Cardinalis,
989 709 1105 746 eligitur
1128 710 1265 738 Pontifex
1289 710 1448 745 Romanus,
1471 711 1584 748 sibique
1607 712 1731 748 imponit
1752 721 1859 739 nomen
1883 711 1951 740 Iulii
1980 711 2034 741 111.

268 797 315 824 17.

266 839 315 867 ⁶22.

269 882 318 911 27.

268 925 318 953 28.

336 752 507 780 Melanthon
531 752 691 789 desponsat
702 753 791 781 filiam
804 762 896 788 suam,
919 753 1191 790 Magdalenam,
1214 752 1346 790 Casparo
1360 753 1500 787 Peuce-0,
1514 754 1584 781 artis
1597 754 1727 782 medicae
1740 754 1897 791 professori
1910 755 1940 782 in
1954 755 2047 783 Acad.
2061 755 2158 784 Viteb.

340 795 607 832 Magdeburgenses
631 796 796 824 conducunt
824 797 854 824 in
878 796 956 824 urbis
980 796 1176 824 defensionem
1201 796 1321 832 equites,
1344 801 1371 823 et
1395 796 1503 824 vexilla.
1526 797 1635 824 faciunt
1658 797 1795 834 insignita
1819 806 1910 825 cruce.

340 838 407 865 Iulii
431 837 495 872 111..
519 838 680 873 Pondficis,
702 839 841 867 solemnis
864 839 1057 876 inauguratio.

343 881 507 917 Hamburgi
531 882 729 910 controversia
753 883 848 920 agitur
870 883 906 910 de
928 883 1069 910 descensu
1093 880 1202 910 Christi
1225 882 1262 909 ad
1283 882 1400 909 inferos.

342 923 512 952 Melanthon
534 924 697 961 Torgaviae
720 925 769 953 dat
791 934 965 953 consensum
987 929 1138 962 paternum
1163 924 1354 962 Philippo,
1377 925 1437 952 filio
1461 933 1514 952 suo
1548 930 1616 952 natu
1651 925 1789 958 maximo,
1824 924 1937 952 viduam
1972 924 2100 961 aliquam
2133 925 2163 953 in

375 967 589 994 matrimonium
612 968 743 996 ducturo.

309 1032 314 1038 .
338 1010 405 1038 Mel.
424 1010 455 1037 in
479 1009 578 1038 schola
607 1015 722 1039 enarrat
748 1011 898 1049 Apollonii
920 1011 1128 1048 Argonautica.

310 1076 316 1081 .
341 1052 529 1089 Pfeffingero‚
554 1053 668 1082 Pastori
692 1053 849 1091 Lipsiensi,
873 1055 990 1091 scripsit
1013 1055 1109 1092 capita
1132 1054 1347 1091 disputationiS.
1368 1059 1394 1081 et
1429 1053 1561 1091 Zieglero
1586 1054 1682 1090 capita
1715 1062 1736 1081 s.
1762 1053 1859 1081 theses
1878 1053 1913 1081 de
1937 1053 2079 1081 Ecclesia.
2103 1051 2162 1090 (Cf.

374 1106 417 1133 ep.
440 1096 466 1124 d.
491 1095 540 1124 21.
565 1096 666 1129 Mart.)

340 1138 441 1167 Caroli
464 1138 655 1177 Imperatoris
679 1140 857 1175 mandatum,
881 1145 912 1167 ut
935 1139 1062 1168 Ordines
1085 1140 1205 1178 Imperii
1229 1140 1256 1167 d.
1282 1140 1331 1167 ⁴25.
1356 1139 1431 1167 Iunii
1455 1140 1628 1168 conveniant
1651 1140 1802 1177 Augustae
1825 1138 2056 1168 Vindelicorum.

342 1182 480 1210 Albertus
501 1183 632 1210 Marchio
657 1188 740 1220 parat
763 1184 879 1211 bellum.
925 1183 1005 1211 Idem
1028 1183 1138 1211 faciunt
1160 1183 1400 1210 Brunsvicenses.

341 1225 408 1252 Mel.
432 1225 579 1262 praefatur
603 1227 639 1253 ad
663 1226 828 1263 Zieglerum
852 1227 882 1254 in
906 1227 1017 1263 Aesopi
1039 1225 1152 1253 fabulas
1175 1235 1190 1253 a
1218 1225 1314 1253 loaeh.
1339 1223 1507 1252 Camerario
1531 1225 1630 1254 editas.

341 1267 407 1296 Mel.
428 1267 547 1304 Lipsiae
579 1274 638 1303 est,
666 1270 847 1306 profecturus
871 1278 936 1296 cum
959 1268 1130 1297 Camerario
1153 1268 1320 1306 Cygneam,
1350 1268 1386 1295 de
1416 1267 1516 1295 schola
1537 1267 1615 1295 illius
1636 1267 1716 1295 urbis
1739 1268 1918 1296 instituenda
1940 1267 2163 1296 deliberaturus.

374 1310 474 1338 Rediit
497 1311 614 1339 domum
636 1312 755 1340 ineunte
778 1311 884 1350 Aprili.

344 1353 452 1382 Denuo
477 1354 570 1382 editur
593 1356 781 1383 enarratio
805 1355 962 1392 symboli
988 1354 1155 1382 Nicaeni.

343 1394 469 1425 Crudele
493 1397 618 1426 edictum
642 1398 741 1427 Caroli
764 1398 948 1436 imperatoris
975 1398 1005 1426 in
1029 1397 1152 1435 Belgico
1181 1397 1216 1425 de
1240 1406 1340 1426 severe
1365 1397 1520 1434 puniendis
1544 1396 1714 1425 doctoribus
1744 1402 1772 1424 et
1795 1396 2011 1425 confessoribus
2034 1396 2162 1433 purioris

374 1440 532 1469 doctrinae.

344 1482 411 1511 Hoc
439 1492 540 1512 mense
569 1484 677 1521 prodiit
707 1484 846 1521 scriptum
877 1484 1114 1512 concionatorum
1145 1483 1458 1521 Magdeburgensium,
1486 1484 1516 1510 in
1545 1492 1603 1520 quo
1628 1482 1838 1511 confessionem
1862 1492 1943 1511 suam
1966 1482 2105 1517 recitant,
2137 1486 2164 1509 et

372 1527 488 1560 docent,
511 1527 623 1555 licitum
647 1536 719 1561 esse,
741 1536 773 1555 se
797 1527 885 1555 armis
908 1527 1063 1555 defendere
1088 1531 1189 1555 contra
1211 1527 1389 1564 superiorem
1413 1526 1529 1554 veritati
1552 1526 1608 1554 vim
1631 1526 1814 1554 inferentem.

308 1590 314 1597 .
338 1569 510 1598 Melanthon
533 1569 655 1598 Lutheri
679 1571 953 1598 commentationem
975 1571 1010 1598 de
1034 1571 1129 1599 verbis
1153 1570 1320 1599 novissimis
1343 1569 1453 1597 Davidi
1475 1569 1578 1597 iterum
1601 1570 1668 1597 edit.

339 1612 454 1641 Prodiit
477 1612 682 1641 calendarium
705 1613 790 1642 Pauli
811 1613 908 1641 Eberi.

311 1679 318 1685 .
341 1655 414 1684 Pars
438 1656 630 1685 enarrationis
653 1656 778 1694 symboli
802 1655 927 1684 Nicaeni
950 1656 1084 1685 absoluta
1108 1663 1158 1685 est.

337 1698 472 1736 Nuptiae
490 1699 621 1737 Philippi
645 1700 698 1728 filii
721 1699 926 1727 Melanthonis.

310 1763 316 1769 .
339 1742 407 1769 Filii
431 1742 572 1780 Philippi,
595 1742 775 1780 Landgravii
798 1742 925 1771 Hassiae
945 1743 1061 1779 captivi,
1084 1741 1247 1780 postulant,
1278 1746 1307 1769 ut
1328 1741 1496 1775 Mauritius,
1523 1739 1591 1768 Dux
1615 1738 1723 1768 Saxon.
1747 1738 1878 1768 Elector.
1907 1748 1938 1767 se
1961 1739 2044 1766 sistat
2069 1738 2161 1775 capti·

376 1795 441 1812 vum
465 1785 584 1813 Caesari
607 1786 671 1813 1000
695 1787 795 1823 patris.

311 1850 316 1855 .
341 1827 510 1856 Melanthon
530 1827 676 1856 Worlitzii
698 1833 740 1856 ost
762 1829 839 1866 apud
863 1827 1003 1856 Ioannem
1029 1828 1195 1865 Principem
1221 1826 1341 1854 Anhalt.
1366 1830 1572 1863 aegrotantem.

275 1872 322 1899 19.

268 1913 317 1943 26.

348 1871 416 1898 Mel.
440 1871 543 1899 invitat
567 1869 765 1899 Camerarinm
790 1872 826 1899 ad
849 1880 964 1899 sacrum
987 1871 1115 1908 nuptiale.
1138 1870 1215 1898 filiae
1237 1879 1306 1898 suae
1329 1869 1530 1906 Magdalenae.

340 1914 429 1941 Mittit
453 1912 586 1950 Georgio
609 1914 771 1941 Anhaltino
795 1914 955 1942 orationem
979 1914 1015 1941 de
1035 1914 1126 1941 dicto:
1152 1918 1253 1950 „pater
1276 1912 1425 1940 sanctifica
1448 1920 1498 1939 cos
1520 1912 1550 1939 in
1574 1912 1695 1939 veritate
1718 1912 1784 1938 tua“
1811 1916 1864 1938 etc.

341 1955 477 1984 Exeunte
506 1957 586 1985 Maio
614 1956 737 1985 Carolus
766 1956 876 1985 Caesar
905 1966 963 1984 nna
991 1966 1055 1984 cum
1078 1956 1219 1994 Philippo
1247 1956 1308 1983 filio
1332 1955 1472 1983 Bruxella
1500 1955 1622 1982 discedit
1653 1958 1680 1982 et
1703 1955 1865 1991 Augustam
1892 1954 1929 1981 ad
1955 1953 2072 1982 comitia
2095 1961 2162 1981 con-

380 2000 472 2027 tendit
494 2000 621 2028 adducto
645 2009 744 2028 secum
775 1999 884 2028 Ioanne
909 1999 1076 2034 Friderico,
1107 1999 1255 2028 Saxoniae
1279 1998 1361 2026 Duce
1386 1998 1477 2026 Elect.
1502 1998 1633 2035 captivo,
1666 1996 1804 2034 Philippo
1835 1999 1946 2031 autem,
1974 1995 2162 2033 Landgravio

376 2043 512 2077 Hassiae,
536 2042 637 2071 relicto
659 2043 838 2070 Meehliniae.

313 2107 319 2114 .
344 2084 508 2123 Nuptiae
529 2086 784 2123 Magdalenae,
821 2086 1017 2113 Melanthonis
1046 2085 1123 2113 filiae
1153 2091 1237 2112 natae
1272 2084 1298 2112 d.
1328 2084 1373 2112 18.
1399 2083 1452 2111 Iul.
1486 2085 1591 2118 1531„
1621 2089 1649 2110 et
1677 2082 1764 2121 Casp.
1791 2082 1923 2110 Peuceri.
1975 2081 2106 2118 (Peperit
2129 2089 2164 2108 ea

378 2128 511 2157 Pencero
534 2134 593 2156 tres
616 2129 693 2157 filios
714 2134 741 2156 et
764 2134 875 2166 septem
899 2129 983 2163 filias,
1007 2132 1035 2155 et
1058 2138 1073 2156 c
1096 2128 1155 2155 vita
1177 2127 1303 2155 decessit
1325 2126 1484 2155 Rochlitzii
1508 2127 1535 2154 (1.
1563 2126 1609 2154 18.
1635 2125 1689 2153 [01.
1714 2125 1819 2161 1576.)

344 2171 464 2209 Flagrat
485 2172 541 2199 hoc
564 2181 663 2200 mense
687 2172 794 2199 bellum
818 2171 949 2206 Henriei,
975 2171 1066 2199 Ducis
1090 2171 1254 2205 Brunsric„
1277 2174 1379 2199 contra
1402 2170 1501 2198 urbem
1524 2169 1729 2206 Brunsvigam.

347 2215 519 2243 Melantho-n
542 2215 579 2242 ad
602 2214 714 2252 Regem
737 2214 852 2243 Daniae
876 2214 1022 2251 praefatur
1044 2215 1074 2242 in
1096 2214 1221 2242 Tomum
1246 2213 1300 2242 III.
1326 2223 1447 2251 operum
1467 2213 1590 2240 Lutheri
1612 2211 1853 2249 germanicorum.

344 2257 435 2286 Mittit
458 2257 624 2286 Psalmum:
656 2267 760 2295 „quam
784 2258 890 2285 dilecta
913 2261 981 2285 sunt
1002 2257 1206 2285 tabernacula“
1232 2261 1287 2284 etc.
1312 2256 1361 2293 qui
1384 2256 1499 2293 quidem
1523 2255 1629 2293 legitur
1651 2255 1681 2283 in
1704 2253 1901 2282 Melanthonis
1925 2252 2027 2289 Epigr.
2049 2261 2079 2290 p.
2101 2251 2163 2285 25„

376 2301 427 2328 sed
450 2302 480 2329 in
505 2311 549 2338 ep.
573 2301 610 2328 ad
631 2300 759 2329 Curcum
782 2301 808 2328 d.
831 2300 857 2329 d.
882 2301 909 2329 9.
930 2300 985 2329 101.
1011 2300 1101 2328 1550.
1131 2298 1216 2337 Stig
1227 2300 1295 2327 elii
1320 2308 1384 2327 esse
1407 2299 1512 2327 dicitur
1535 2307 1661 2327 carmen.

342 2343 409 2372 Hoc
432 2352 532 2372 mense
564 2344 682 2380 nuptiae
706 2344 849 2372 secundae
873 2342 1027 2380 Georgii
1049 2341 1192 2378 Sabini,
1222 2343 1271 2380 qui
1299 2343 1383 2370 duxit
1408 2344 1542 2377 Annam,
1569 2341 1660 2370 filiam
1683 2339 1887 2376 christophori
1906 2336 2055 2372 Cromeri‚
2079 2345 2163 2365 sena·

378 2387 450 2415 toris
473 2386 710 2424 Regiomontani.

316 2451 322 2458 .
346 2429 464 2458 Flacius
498 2430 668 2458 criminatur
699 2430 875 2457 Academias
908 2428 1091 2466 Lipsiensem
1126 2434 1154 2456 et
1188 2428 1442 2466 viteloergensem,
1475 2428 1555 2465 quod
1582 2427 1612 2455 in
1634 2425 1788 2460 J'thesibus,
1816 2435 1834 2453 a
1861 2423 2039 2461 Pfeffingero
2072 2431 2164 2470 nuper

381 2472 503 2510 Lipsiae
524 2472 640 2510 publice
663 2473 790 2501 defensis
813 2477 841 2500 et
864 2482 880 2499 a
903 2472 1091 2500 Melanthone
1114 2472 1300 2509 conscriptis.
1328 2471 1503 2499 mutaverint
1531 2479 1630 2499 veram
1654 2469 1816 2498 doctrinam
1843 2468 1879 2496 de
1903 2467 2011 2496 viribus
2038 2465 2165 2494 hominu

379 2516 407 2543 in
430 2516 620 2544 conversione
642 2525 659 2544 a
682 2521 813 2553 peccato.

344 2557 463 2586 Laelius
486 2557 609 2587 Socinus
630 2559 707 2586 venit
732 2558 928 2596 Vitebergam.
