2299 2921
152 115 218 149 253

196 211 271 242 Cum
293 211 331 239 ad
353 209 513 239 Ascanium
532 209 621 237 Ionas
644 210 780 239 venisset.
805 208 874 244 VII,
899 209 970 238 541.

197 253 271 284 Cum
294 258 361 282 ante
383 253 502 281 biduum
522 253 558 280 ad
576 256 613 281 te.
638 251 677 287 Π,
703 253 774 281 703.

197 296 272 327 Cum
294 296 423 325 audirem
445 296 522 323 hunc
542 294 765 324 Callimachum.
788 293 843 329 IX,
869 295 939 324 568.

197 340 272 370 Cum
293 340 370 367 cives
390 338 483 366 nostri
506 337 689 366 Ambrosius.
713 336 753 372 II,
773 338 844 366 507.

197 383 272 413 Cum
291 381 349 410 Dei
372 380 512 408 beneficio
534 380 720 408 rediissemus
743 379 822 409 satis.
853 379 908 415 IX,
935 379 1024 409 1028.

197 424 271 454 Cum
294 433 348 461 ego
366 423 492 460 negotiis
515 422 723 460 multiplicibus
741 422 893 452 distrahar.
913 421 937 457 Ι,
959 422 1029 452 684.

197 468 271 498 Cum
296 466 417 504 Figulus
438 466 475 494 ad
497 475 558 495 vos.
583 464 607 499 Ι,
635 465 725 494 1034.

197 509 272 539 cum
295 509 533 547 gubernationem
556 508 681 536 scholae.
704 507 743 542 V,
766 508 838 537 415.

197 554 273 583 Cum
295 553 363 580 hinc
385 551 505 580 abiisset
526 551 668 588 princeps.
692 549 732 584 Π,
756 550 827 579 708.

197 596 272 625 Cum
294 595 342 623 his
368 595 469 623 diebus
491 593 686 630 interpretari.
710 592 763 627 IV,
788 593 859 622 906.

198 638 273 667 Cum
296 638 353 666 iam
374 648 391 665 a
412 646 457 664 me
481 636 597 664 abisset.
623 635 646 670 Ι,
671 636 742 664 814.

198 680 272 710 Cum
290 681 321 708 in
342 681 445 708 itinere
468 687 562 707 essem
586 676 712 706 Gothae.
748 677 804 713 ΙΠ,
832 678 920 706 1016.

198 725 273 754 Cum
295 723 394 751 literas
417 722 513 750 darem
538 722 601 749 viro
625 721 735 758 optimo
760 720 798 749 D.
812 720 937 749 Vadino.
958 719 1043 756 ΥΠΙ,
1062 720 1135 750 834.

198 765 273 795 Cum
296 775 354 794 non
377 765 514 793 haberem
535 764 666 793 idoneos,
692 762 747 798 III,
772 764 842 793 977.

198 808 272 838 Cum
295 809 419 836 nuncius
441 808 499 835 iam
522 807 553 834 in
576 807 735 843 procinctu.
760 805 799 841 II,
825 807 896 835 868.

198 850 273 881 Cum
295 852 428 888 proxime
450 850 487 878 ad
509 854 545 878 te.
570 848 610 882 H,
632 849 701 877 471.

199 895 273 924 Cum
296 894 447 922 rediissem
471 893 589 921 domum
614 891 763 928 postridie.
788 890 870 927 VIII,
895 892 966 922 364.

199 936 273 966 Cum
296 937 403 964 rediret
426 935 482 964 huc
504 935 636 963 minister
658 943 749 964 meuS.
774 934 798 969 I,
823 934 894 963 942.

198 980 273 1010 Cum
296 981 399 1007 scirem
424 984 606 1007 conventum.
631 976 686 1011 ΙΠ,
712 977 783 1005 291.

198 1022 273 1051 Cum
296 1021 417 1050 Urbano
436 1022 465 1049 in
488 1021 600 1048 itinere.
626 1019 649 1054 Ι,
674 1020 744 1047 801.

198 1063 273 1093 Cum
296 1065 421 1092 venisset
443 1064 499 1091 huc
521 1062 559 1091 D.
584 1061 724 1090 Stiberus.
749 1060 772 1095 l,
794 1061 864 1090 747.

198 1108 273 1138 Cum
296 1107 358 1134 viro
381 1107 491 1144 optimo
513 1113 621 1142 genero
645 1109 705 1138 tuo,
729 1104 817 1133 volui.
842 1102 898 1138 IX,
922 1104 993 1132 447.

198 1150 293 1179 Dabis
316 1150 429 1176 veniam
453 1148 593 1176 brevitati.
620 1146 656 1181 V,
682 1147 731 1175 35.

198 1192 294 1221 David
317 1196 416 1219 noster
438 1200 474 1219 ex
498 1199 582 1218 sacro
603 1189 736 1226 nuptiali.
762 1188 831 1221 VII,
857 1190 927 1218 415.

196 1235 244 1264 De
267 1234 427 1262 Academia
448 1234 564 1262 fuerunt
587 1241 746 1261 sermones.
769 1231 824 1267 ΙΠ,
851 1233 920 1260 171.

198 1279 245 1307 De
270 1278 393 1304 adverso
416 1286 485 1304 casu
510 1275 616 1312 Apelli.
642 1274 666 1309 Ι,
691 1276 762 1304 807.

198 1320 245 1349 De
268 1318 413 1355 Chirurgo
437 1319 647 1347 commiseram.
670 1317 709 1352 Π,
735 1319 784 1347 49,

197 1362 245 1392 De
268 1367 408 1390 conventu
431 1362 511 1399 prius
534 1361 641 1389 omnia.
666 1359 706 1395 Π,
729 1361 800 1389 439.

198 1406 245 1435 De
268 1405 417 1433 curatione
440 1405 524 1441 pedis
547 1404 597 1432 tui.
623 1402 676 1437 IV,
701 1403 771 1432 799.

198 1448 245 1477 De
265 1448 405 1475 dodrante
428 1447 510 1475 nihil.
538 1447 562 1481 Ι,
588 1446 658 1475 815.

198 1491 246 1520 De
269 1500 303 1518 eo
326 1490 465 1527 periculo,
488 1489 575 1527 q-uod.
600 1488 624 1523 Ι,
650 1488 740 1517 1061.

198 1534 246 1562 De
269 1532 407 1561 facilitate
429 1537 538 1561 nostra.
562 1530 616 1566 ΙΠ,
644 1532 734 1560 1185.

198 1576 245 1605 De
267 1576 357 1604 filiolo
381 1580 449 1604 nato
468 1585 519 1612 per
542 1574 758 1611 Vuolfgangum
777 1573 939 1612 Spengleri.
964 1573 987 1610 1,
1012 1575 1082 1604 734.

198 1619 244 1648 De
267 1618 355 1646 fratre
378 1624 427 1646 tuo
451 1618 548 1646 biduo.
571 1617 596 1653 1,
621 1616 692 1644 862.

196 1661 244 1690 De
266 1662 379 1697 graecis
402 1661 534 1698 epistolis
558 1660 659 1688 habeo.
684 1658 725 1694 Π,
751 1660 821 1689 358.

196 1705 244 1733 De
266 1703 421 1732 Helvetica
443 1703 565 1732 historia
586 1702 665 1731 mihi.
690 1702 730 1737 Π,
755 1702 826 1731 562.

198 1747 245 1775 De
263 1747 314 1774 illo
334 1748 498 1775 necessario
520 1751 630 1774 nostro.
653 1744 693 1780 Π,
718 1746 788 1774 514.

199 1790 245 1818 De
268 1790 382 1817 indiciis
406 1794 577 1826 temporum,
601 1797 676 1825 quae
695 1788 740 1817 ob.
766 1787 849 1823 vm,
874 1790 923 1818 35.

198 1832 246 1860 De
268 1832 385 1868 ingenio
405 1837 432 1859 et
452 1832 555 1859 studiis
578 1831 712 1860 Meureri.
737 1831 774 1866 V,
799 1832 869 1860 447.

199 1874 246 1903 De
269 1874 459 1902 Praecatione
481 1874 569 1911 plena
587 1874 701 1902 sinceri.
727 1873 779 1909 VI,
803 1875 874 1903 837.

198 1917 245 1945 De
267 1917 353 1944 rebus
376 1916 537 1944 Helveticis
560 1916 641 1945 nihil.
667 1915 706 1950 Π,
728 1918 797 1946 553.

200 1960 245 1988 De
268 1960 375 1987 viatico
398 1969 455 1987 non
479 1960 588 1987 dubito.
612 1958 664 1993 lv.
691 1960 761 1988 648.

199 2003 321 2031 Decimo
344 2003 390 2030 die
409 2001 558 2030 Februarii
576 2010 717 2031 reversus,
743 2001 796 2036 ΙΙΙ,
822 2004 870 2030 40.

198 2045 277 2074 Dedi
300 2045 361 2072 heri
380 2045 480 2072 nlintio
504 2045 631 2073 vestrati.
656 2044 680 2079 Ι,
705 2045 775 2075 814.

199 2088 386 2125 Delatigatus
409 2097 472 2116 suni
496 2088 581 2116 hodie
599 2088 786 2117 antelucanis.
811 2087 834 2122 Ι,
860 2089 929 2117 681.

198 2130 257 2159 Dei
280 2131 419 2159 beneficio
442 2131 565 2158 Esromo
587 2134 664 2158 recte
682 2131 768 2158 valet.
792 2130 848 2163 IX,
873 2132 943 2161 588.

200 2174 256 2202 Dei
280 2173 429 2208 beneficio,
455 2178 482 2201 et
508 2174 596 2201 animi
627 2178 655 2200 et
684 2174 823 2210 corporis.
855 2173 943 2210 VIII,
966 2175 1034 2205 105.

200 2216 258 2244 Dei
279 2216 419 2244 beneficio
443 2216 681 2244 Francofordiam
704 2216 838 2253 ingressi.
858 2216 914 2252 IX,
934 2217 1003 2247 243.

200 2259 446 2287 Deliberationem
468 2264 595 2287 nostram
615 2259 755 2288 ostendet.
780 2259 834 2298 VI,
860 2261 929 2289 878.

200 2301 267 2330 Deo
290 2306 405 2329 aeterno
428 2303 505 2339 patri
528 2320 577 2330 ——.
601 2304 653 2330 Ac.
679 2301 730 2334 VI,
754 2302 826 2331 917.

202 2344 267 2373 Deo
287 2349 405 2373 aeterno
427 2346 501 2382 patri
521 2363 571 2373 —.
592 2345 689 2372 Domi.
714 2344 782 2379 VII,
808 2345 878 2374 224.

201 2387 266 2415 Deo
289 2391 406 2415 aeterno
425 2389 500 2425 patri
522 2404 572 2417 —.
598 2388 674 2416 Nisi.
696 2387 779 2421 VIII,
804 2388 874 2416 508.

201 2429 266 2458 Deo
287 2434 404 2458 aeterno
427 2431 502 2468 patri
525 2447 575 2460 -ν,
600 2430 718 2459 Paulus.
744 2429 796 2465 VI,
816 2431 887 2460 716.

202 2471 297 2500 Deum
320 2483 387 2507 oro,
416 2478 447 2500 ut
475 2478 590 2501 nostros
613 2490 663 2502 --.
705 2472 954 2511 Suarcebergium.
1002 2475 1039 2510 V,
1064 2475 1133 2505 292.

202 2515 296 2543 Deum
317 2521 428 2553 patrem
451 2532 501 2545 —.
527 2516 620 2543 Valde
643 2517 720 2544 enim
745 2516 884 2545 solicitus.
913 2517 967 2553 IV,
991 2519 1064 2548 656.

202 2556 284 2586 Deus
302 2563 392 2596 pater.
419 2575 468 2588 —.
494 2558 634 2587 Delector
655 2560 761 2588 omine.
788 2558 842 2595 ΙΠ,
865 2559 954 2590 1247.
1160 2566 1163 2603 1

342 115 382 148 ΙΙ.
414 113 601 148 INDICES.
644 114 687 146 H.
722 112 863 146 lNDEx
880 111 1078 145 EPISTOL.
1103 110 1216 144 PHlL.
1239 109 1343 143 MEL.
1364 109 1705 143 ALPHABETICUS
1729 110 1814 143 PER
1836 110 1976 143 lNlTlA.

2104 109 2172 142 254

1229 206 1337 235 Dicam
1355 215 1433 241 vere,
1456 209 1518 234 toto
1540 205 1604 234 hoc.
1635 205 1675 242 Π,
1700 206 1771 236 686.

1229 249 1288 278 Die
1311 258 1369 286 quo
1387 248 1570 285 Hieronymo
1593 249 1742 278 memoria.
1766 248 1823 284 IX,
1843 249 1914 279 305.

1229 291 1336 320 Dionis
1358 291 1552 329 fragmentum
1571 291 1663 319 mitto.
1696 290 1749 327 VI,
1773 293 1844 321 947.

1230 335 1400 372 Disputatio
1422 334 1541 372 publica
1561 334 1669 363 statim.
1695 333 1748 369 IV,
1770 335 1819 364 88.

1231 376 1439 415 Disputatione
1462 381 1522 411 tua,
1545 377 1582 404 de
1606 376 1709 406 Marte.
1740 376 1795 412 III,
1823 377 1890 406 105.

1230 419 1291 448 Diu
1313 421 1372 449 iam
1395 419 1496 448 absum
1519 419 1616 448 domo.
1640 418 1664 454 Ι,
1689 420 1759 450 880.

1231 463 1367 498 Divinas,
1391 461 1548 497 Ioachime,
1573 462 1740 492 conciones.
1772 461 1796 498 I,
1823 463 1893 492 644.

1232 505 1337 533 Donec
1359 505 1422 532 vult
1443 514 1497 534 nos
1518 504 1609 535 Deus.
1645 504 1729 540 VIII,
1755 506 1826 534 317.

1233 548 1404 586 Dryandr0‚
1429 548 1478 584 qui
1502 548 1555 575 etsi
1578 557 1646 578 non.
1672 547 1710 583 V,
1735 548 1805 578 239.

1232 590 1316 619 Duas
1338 591 1420 618 mitto
1444 590 1597 627 epistolas,
1619 591 1739 619 alteram
1760 592 1790 619 in
1813 596 1922 620 nostra.
1954 591 2038 627 VIII,
2058 591 2129 622 269.

1232 633 1312 662 Dum
1335 633 1420 661 aulae
1442 633 1478 660 de
1502 631 1629 671 Synodis
1652 634 1822 664 deliberant.
1848 633 1931 670 VHJ,
1957 634 2028 664 673.

1236 675 1322 705 Duos
1345 676 1381 704 ad
1404 684 1435 704 se
1458 676 1545 705 viros.
1571 676 1639 712 VII,
1665 677 1734 706 128.

1232 718 1318 747 Duos
1339 718 1377 746 ad
1401 723 1429 746 te
1453 722 1593 748 oratores.
1619 719 1656 754 V,
1682 719 1752 749 850.

1232 760 1304 789 Dux
1326 761 1517 789 Pomeranius
1540 762 1604 791 huc.
1630 761 1713 797 VIII,
1739 762 1809 792 226.

1234 804 1345 832 Eadem
1369 804 1450 838 hora,
1474 813 1532 840 qua
1552 803 1746 834 NovesianuS.
1772 805 1828 840 IX,
1853 806 1923 836 633.

1233 846 1348 884 Ecquid
1372 856 1500 884 unquam
1524 846 1621 884 legisti
1644 848 1794 885 scriptum.
1818 847 1844 883 Ι,
1869 850 1939 879 793.

1234 889 1299 927 Ego
1323 899 1390 917 vero
1413 889 1537 926 gratiam
1561 889 1613 917 tibi
1637 890 1739 925 habeo,
1763 891 1840 927 quod
1860 890 1922 929 τήν.
1946 891 1999 927 ΙΥ,
2024 891 2095 922 827.

1234 932 1299 969 Ego
1324 941 1402 967 vero,
1426 933 1465 960 mi
1488 931 1524 966 I.,
1543 933 1573 960 in
1596 934 1745 970 optimam.
1771 934 1811 969 II,
1838 936 1907 964 699.

1234 974 1299 1011 Ego
1321 984 1389 1002 vero
1412 984 1466 1002 nec
1490 975 1612 1011 periculi
1635 976 1700 1005 mei.
1726 976 1779 1012 VI,
1803 977 1874 1007 262.

1234 1016 1300 1054 Ego
1324 1026 1393 1044 vero
1416 1016 1488 1044 nihil
1512 1022 1618 1047 metuo.
1644 1018 1700 1053 III,
1725 1020 1797 1049 393.

1234 1059 1299 1096 Ego
1324 1068 1393 1086 vero
1416 1068 1475 1087 non
1500 1069 1534 1088 eo
1557 1061 1668 1097 scripsi.
1694 1061 1734 1096 ΙΙ,
1760 1063 1831 1092 587.

1234 1102 1299 1139 Ego
1322 1111 1391 1131 vero
1414 1111 1473 1130 non
1496 1102 1597 1131 leviter
1619 1105 1777 1134 excrucior.
1802 1105 1888 1140 vm,
1909 1105 1979 1135 279.

1233 1144 1299 1182 Ego
1323 1154 1391 1173 vero
1416 1145 1559 1173 somnium
1583 1146 1654 1174 illud
1677 1152 1767 1176 tuum.
1793 1147 1862 1183 VH,
1887 1148 1958 1177 876.

1234 1187 1298 1225 Ego
1321 1196 1390 1215 vero
1412 1187 1508 1216 studio
1532 1193 1559 1214 et
1581 1189 1688 1219 officio.
1713 1189 1769 1225 ΠΙ,
1797 1191 1886 1220 1162.

1233 1229 1298 1268 Ego
1321 1239 1390 1258 vero
1414 1230 1466 1257 tibi
1489 1231 1596 1268 potius,
1621 1236 1649 1259 et
1670 1232 1772 1262 debeo.
1802 1233 1855 1268 VI,
1880 1234 1950 1262 800.

1233 1273 1346 1301 Eodem
1370 1274 1417 1300 die
1441 1282 1498 1310 quo
1520 1273 1596 1303 hinc.
1623 1275 1659 1309 V,
1683 1276 1754 1305 408.

1234 1315 1369 1352 Epistola
1392 1320 1442 1344 tua
1465 1316 1528 1344 visa
1547 1322 1598 1346 est.
1624 1317 1677 1352 IV,
1703 1318 1774 1348 704.

1234 1357 1399 1395 Epistolam
1422 1359 1460 1386 ad
1483 1357 1622 1388 Senatum
1645 1360 1806 1398 Cygneum.
1832 1362 1899 1397 Vll,
1925 1362 1996 1391 461.

1234 1400 1398 1438 Epistolam
1421 1401 1472 1428 tibi
1495 1402 1577 1431 mitto
1600 1403 1726 1432 hominis
1749 1405 1901 1441 ingeniosi.
1927 1404 1995 1440 VII,
2019 1405 2091 1435 622.

1234 1443 1398 1481 Epistolam
1418 1449 1496 1472 tuam
1520 1446 1549 1472 in
1572 1446 1684 1475 itinere.
1711 1446 1767 1482 ΙΙΙ,
1794 1449 1863 1477 635.

1233 1486 1378 1524 Equidem
1399 1488 1520 1524 gratiam
1544 1488 1596 1516 tibi
1615 1489 1719 1524 habeo,
1743 1491 1820 1527 quod
1844 1500 1921 1520 cura.
1946 1491 1982 1526 V,
2008 1491 2079 1520 406.

1234 1529 1431 1558 Erfordiensis
1450 1535 1566 1559 senatus
1590 1531 1740 1562 deliberat.
1766 1533 1806 1567 ΙΙ,
1832 1534 1902 1562 518.

1234 1572 1314 1609 Ergo
1337 1573 1472 1610 prodigia
1495 1574 1633 1611 Argeliae
1657 1581 1821 1613 conspecta.
1852 1576 1922 1611 VII,
1948 1577 2018 1606 954.

1234 1615 1298 1643 Erit
1321 1624 1389 1652 ergo
1413 1620 1637 1655 γιγαντομαχία.
1660 1618 1729 1653 VII,
1754 1620 1824 1648 610.

1235 1658 1273 1686 Et
1296 1658 1464 1695 Apollonia,
1487 1665 1514 1686 et
1537 1661 1650 1690 studiis,
1677 1661 1729 1696 IV,
1754 1662 1824 1690 789.

1234 1701 1272 1729 Et
1293 1703 1542 1730 commendatione
1565 1708 1623 1733 tua,
1647 1703 1699 1738 IV,
1724 1705 1794 1733 870.

1234 1744 1271 1772 Et
1296 1745 1331 1772 de
1353 1745 1456 1773 itinere
1478 1755 1553 1780 meo,
1577 1751 1606 1773 et
1628 1747 1663 1774 dc
1683 1747 1756 1785 Rep.
1781 1747 1834 1782 VI,
1859 1748 1930 1777 850.

1234 1787 1273 1814 Et
1296 1787 1388 1816 debeo
1411 1804 1453 1807 —
1475 1789 1616 1825 gratiam,
1645 1791 1722 1827 quod
1752 1800 1848 1827 poma.
1874 1790 1960 1827 VIII,
1985 1791 2034 1820 96.

1233 1829 1271 1857 Et
1295 1830 1411 1858 difficile
1435 1836 1462 1859 et
1480 1832 1684 1869 periculosum.
1716 1832 1784 1868 VII,
1809 1835 1880 1863 991.

1233 1873 1272 1900 Et
1295 1874 1385 1901 fatum
1409 1874 1502 1902 ultimi
1526 1876 1676 1912 temporis.
1708 1876 1760 1910 VI,
1786 1878 1856 1906 818.

1232 1916 1271 1944 Et
1294 1917 1485 1953 frequentiam
1509 1924 1677 1948 conventus.
1708 1918 1760 1953 ΙΙΙ,
1789 1920 1877 1949 1125.

1232 1959 1269 1987 Et
1293 1965 1376 1996 grata
1399 1966 1442 1988 est
1461 1962 1517 1988 hoc
1540 1963 1719 1998 praesertim.
1754 1961 1823 1995 VlI,
1852 1964 1920 1992 193.

1231 2003 1270 2030 Et
1292 2003 1355 2039 ipse
1375 2013 1461 2041 saepe
1484 2009 1583 2041 repeto
1606 2005 1723 2034 dictum.
1754 2004 1823 2039 VII,
1849 2006 1920 2034 948.

1231 2046 1271 2073 Et
1293 2044 1413 2074 Lutheri
1436 2047 1546 2081 literas,
1569 2052 1597 2075 ct
1620 2057 1708 2077 nicus.
1740 2047 1792 2082 IV,
1817 2049 1887 2077 914.

1231 2088 1270 2116 Et
1292 2089 1363 2116 mihi
1386 2095 1413 2117 et
1433 2092 1556 2118 caeteris
1577 2091 1687 2120 amicis.
1719 2091 1772 2125 ΙΥ,
1797 2091 1867 2120 406.

1231 2132 1270 2159 Et
1292 2134 1389 2169 operis
1412 2133 1514 2162 forma.
1546 2134 1598 2168 IV,
1623 2134 1692 2162 785.

1232 2175 1271 2203 Et
1293 2179 1343 2203 tua
1366 2185 1454 2204 causa
1476 2177 1627 2213 hospitem.
1652 2176 1689 2210 V,
1714 2176 1784 2205 492.

1231 2218 1328 2246 Etiam
1352 2218 1404 2246 Iob
1428 2220 1556 2256 queritur
1579 2219 1634 2247 sibi
1658 2218 1805 2248 molestos.
1830 2217 1887 2254 IX,
1912 2218 1982 2248 612.

1230 2260 1296 2289 Etsi
1319 2262 1402 2289 avide
1425 2267 1547 2300 expecto
1570 2262 1662 2290 amici.
1688 2261 1758 2294 VII,
1784 2263 1855 2290 556.

1231 2305 1295 2332 Etsi
1314 2314 1409 2332 coram
1434 2314 1488 2333 nos
1511 2304 1646 2341 colloqui.
1672 2304 1742 2338 VII,
1767 2305 1837 2333 443.

1230 2347 1295 2375 Etsi
1318 2350 1461 2376 cruciatus
1485 2359 1502 2375 a
1525 2347 1638 2376 calculo
1662 2352 1750 2376 ortos.
1776 2346 1845 2381 ΥἹΙ,
1871 2347 1941 2376 419.

1230 2390 1296 2419 Etsi
1318 2401 1383 2419 cum
1406 2395 1472 2419 ante
1495 2391 1606 2427 aliquot
1629 2399 1752 2419 menses.
1776 2390 1845 2424 VII,
1867 2391 1937 2419 517.

1230 2433 1293 2462 Etsi
1317 2435 1500 2462 decreveram
1523 2443 1587 2461 cnm
1611 2433 1717 2462 Menio.
1750 2432 1805 2467 IX,
1831 2433 1880 2462 91.

1230 2476 1294 2505 Etsi
1318 2478 1445 2504 delector
1467 2477 1578 2513 argenti
1601 2476 1690 2504 venis.
1718 2476 1771 2509 VI,
1797 2476 1846 2504 21.

1230 2519 1294 2547 Etsi
1317 2520 1397 2558 digni
1420 2524 1485 2547 sunt
1506 2519 1731 2556 reprehensione
1749 2516 1765 2547 ὁ
1785 2516 1878 2548 δεῖνα.
1903 2517 1957 2553 ΙΥ,
1982 2519 2041 2548 759
2056 2522 2083 2546 et
2096 2519 2167 2548 787.

1230 2563 1293 2591 Etsi
1317 2563 1499 2600 disputabam
1522 2563 1586 2599 ipse
1605 2571 1727 2596 mecum,
1750 2571 1796 2591 an.
1823 2560 1878 2595 IX,
1904 2562 1974 2590 570.
