2299 2921
157 132 201 166 93
936 129 960 160 I.
1005 127 1216 160 ANNALES
1240 127 1387 160 VITAE.
2130 127 2175 160 94

158 227 233 258 Dec.
299 229 325 257 1.
360 226 517 256 Exercitus
539 225 668 253 Mauritii
690 223 783 253 Ducis
805 228 931 262 occupat
951 225 1018 254 loca
1035 225 1066 253 in
1089 224 1195 253 vicinia
1216 224 1401 261 Vitebergae.

295 270 323 299 2.
347 270 433 299 Multi
456 272 608 297 suaserant
622 268 814 303 Melanthoni,
836 273 867 296 ut
886 268 1018 306 Lipsiam
1037 268 1074 296 ad
1094 267 1311 305 Landgravium
1332 267 1458 295 Hassiae
1480 276 1511 296 se
1535 266 1679 295 conferret
1702 273 1826 302 eumque
1849 265 1887 293 ad
1909 275 2010 302 pacem
2033 266 2172 296 flecteret.

382 312 545 349 Scripserat
563 311 599 346 ei,
623 311 673 338 sed
696 311 813 338 nolebat
835 311 871 338 ad
894 311 975 339 illum
998 311 1147 346 accedere,
1170 315 1203 338 ut
1225 311 1329 338 vitaret
1350 311 1532 348 suspiciones
1555 310 1712 338 multorum
1734 310 1769 337 ab
1794 313 1916 345 utraque
1934 312 2025 346 parte.

295 357 323 385 9.
347 355 509 383 Dessaviae
533 358 576 381 est
598 353 677 391 apud
700 354 860 381 Ascanium
884 363 948 382 cum
972 353 1121 382 Ioachimo
1145 353 1329 388 Camerario,
1361 353 1411 382 ubi
1434 353 1552 382 somnio
1574 353 1709 390 angitur,
1737 353 1773 380 de
1796 362 1853 389 quo
1876 352 2002 388 loquitur
2022 352 2052 380 in
2074 361 2119 389 ep.
2144 352 2172 382 d.

384 397 412 426 2.
434 396 497 426 Ian.
524 397 614 425 1547.

274 441 322 470 10.
343 438 509 468 Servestam
532 448 564 467 se
585 439 690 467 iterum
712 438 833 467 confert.

276 484 322 511 11.
345 483 418 511 Vult
438 483 496 511 iam
520 482 665 519 proficisci
683 482 719 509 ad
739 480 968 518 Landgravium,
987 481 1037 518 qui
1060 491 1124 510 cum
1147 482 1294 517 Mauritio‚
1317 480 1412 517 Duce,
1434 482 1470 510 de
1492 491 1564 519 pace
1585 481 1719 510 facienda
1743 484 1860 509 acturus
1884 484 1954 510 erat.

273 527 321 555 16.
342 526 485 563 Princeps
507 525 626 553 Elector
650 534 715 552 cum
739 525 865 551 exercitu
890 524 1085 561 proficiscitur
1104 525 1140 552 ad
1163 525 1342 553 liberandam
1367 523 1534 553 saxoniam.

276 571 324 598 17.
349 568 480 605 Georgio
502 567 665 595 Anhaltino
689 567 777 594 mittit
801 567 970 595 concionem
990 567 1019 594 in
1043 567 1181 605 hymnum
1205 567 1383 605 angelorum.

273 612 322 640 20.
346 611 550 649 Landgravius
573 614 601 637 et
624 609 780 637 Mauritius
802 609 920 646 Lipsiae
945 611 1099 638 convenire.
1123 610 1232 645 volunt,
1252 615 1283 638 ut
1305 614 1394 648 agant
1415 611 1451 639 de
1474 620 1557 648 pace.

274 654 323 683 25.
347 655 414 682 Mel.
437 654 576 691 scriptum
600 653 690 681 Menii
713 661 765 682 mm
785 655 830 682 Der
849 652 1001 690 fflotbirebr
1025 653 1150 681 absolvit
1172 657 1199 681 et
1222 653 1302 681 addit
1324 653 1543 691 praefationem.

273 698 324 728 29.
347 697 505 725 Exercitus
528 696 659 724 Mauritii
682 695 835 724 abducitur
859 705 895 723 cx
920 696 1026 723 vicinia
1049 696 1235 733 Vitebergae.

346 739 414 768 Mel.
437 739 525 767 mittit
546 739 664 767 ultimas
687 738 818 776 pagellas
841 739 941 775 scripti
967 739 1097 766 Meniani
1121 738 1320 776 Vitebergam.

347 782 434 812 Uxor
457 781 524 810 Mel.
547 782 624 810 redit
644 782 674 810 in
696 782 795 810 urbem
819 781 856 809 ab
879 781 1030 810 obsidione
1051 781 1212 810 liberatam.

1002 906 1034 938 A
1045 906 1075 938 N
1087 906 1117 937 N
1131 906 1159 938 Ο
1196 906 1212 938 1
1227 906 1248 937 5
1259 907 1279 938 4
1292 906 1323 938 7.

158 995 223 1026 Ian.
298 995 326 1024 2.
349 995 404 1023 Est
426 994 586 1023 Dessaviae
609 999 637 1022 et
660 994 774 1023 somnio
796 994 919 1031 angitur.
966 991 1151 1021 Camerarius
1176 997 1221 1021 est
1243 993 1424 1031 Merseburgi
1446 994 1524 1032 apud
1546 993 1711 1032 Georgium
1729 994 1931 1024 Anhaltinum.

297 1040 325 1067 5.
350 1038 474 1067 Carmen
498 1038 584 1065 mittit
607 1038 642 1065 de
661 1037 783 1071 somnio,
803 1037 879 1073 quod
899 1036 1008 1065 habuit.
1032 1053 1074 1056 —
1097 1036 1185 1063 Ionas
1205 1041 1247 1064 est
1272 1037 1473 1074 Magdcburgi.

277 1082 323 1110 10.
348 1081 465 1117 Accipit
487 1090 539 1117 per
562 1081 661 1108 Vitum
675 1079 907 1107 Windshemium
934 1079 992 1106 150
1016 1078 1208 1107 Ioacbimicos
1232 1088 1249 1106 a
1271 1079 1353 1117 Rege
1376 1079 1501 1115 Daniae,
1524 1081 1628 1109 missos
1649 1085 1682 1108 ut
1703 1080 1892 1109 subveniatur
1904 1079 2094 1116 Melanthoni,
2117 1080 2176 1109 Bu-

382 1123 527 1160 genhagio
551 1126 578 1150 et
601 1123 704 1150 viduae
726 1121 857 1149 Lutheri.

275 1167 321 1194 13.
344 1165 449 1203 Lipsia
471 1165 620 1193 obsidetur
643 1175 660 1192 a
683 1165 774 1202 copiis
798 1164 914 1192 Ioannis
934 1163 1083 1199 Friderici,
1107 1164 1260 1194 ElectoriS.

345 1206 472 1237 Concilii
495 1208 659 1236 Tridentini
678 1209 824 1235 decretum
849 1208 884 1235 de
906 1207 1114 1235 iustificatione
1137 1208 1272 1236 hominis.

273 1253 321 1280 14.
345 1251 414 1280 Mel.
438 1256 481 1279 est
504 1251 695 1288 Vitebergae,
720 1260 795 1287 qnae
818 1251 853 1278 ab
874 1251 1025 1278 obsidione
1048 1251 1105 1278 iam
1130 1256 1190 1278 erat
1212 1250 1342 1280 liberata.

345 1295 489 1322 Versatur
516 1294 586 1321 Mel.
614 1295 644 1321 in
673 1293 765 1321 altera
794 1294 921 1321 editione
951 1293 1042 1320 libelli
1071 1294 1161 1321 Menii
1189 1300 1242 1323 non
1266 1294 1311 1323 bet
1331 1293 1497 1331 ffiotbmebr'
1534 1303 1620 1331 quem
1654 1303 1777 1332 prorsus
1812 1295 1952 1331 retexuit,
1985 1295 2026 1323 ita
2059 1298 2091 1323 ut
2120 1295 2177 1324 hoc

381 1337 520 1374 scriptum
543 1337 722 1364 Melanthoni
746 1337 843 1374 potius
867 1346 953 1373 quani
976 1337 1075 1363 Menio
1099 1336 1282 1364 tribuendum
1303 1337 1347 1365 sit.
1370 1354 1412 1357 —
1435 1337 1578 1365 Triduum
1602 1342 1646 1366 cst
1666 1338 1850 1375 Vitebergae.

274 1381 322 1409 18.
347 1378 493 1407 Convenit
513 1389 577 1407 curn
601 1380 771 1408 Camerario
796 1384 824 1406 et
848 1378 978 1416 Georgio
1001 1379 1139 1417 Principe
1162 1380 1336 1408 Anhaltino.

271 1424 321 1452 20.
344 1423 414 1450 Mel.
438 1431 469 1450 se
493 1422 596 1450 iterum
623 1423 734 1450 confert.
753 1421 927 1451 Sin-vestam.
951 1439 990 1443 —
1015 1423 1145 1450 Advenit
1168 1422 1334 1450 Ioachimns
1356 1423 1469 1450 March.
1492 1423 1611 1451 Elector
1631 1423 1666 1450 de
1689 1432 1761 1460 pace
1785 1428 1913 1452 acturus.

270 1465 319 1494 23.
344 1465 391 1493 De
412 1465 483 1502 fuga
506 1466 620 1502 cogitat.
639 1483 680 1486 —
705 1465 890 1494 Camerarius
910 1465 1003 1493 adhuc
1026 1469 1070 1493 est
1092 1464 1274 1500 Dessaviae3
1298 1466 1360 1494 eius
1382 1466 1494 1495 familia
1516 1475 1547 1494 se
1571 1466 1732 1494 contulerat
1755 1466 1931 1495 Ersordiam.

271 1508 320 1538 25.
343 1508 550 1545 Norinberga,
580 1518 637 1545 quo
666 1518 697 1535 se
727 1509 810 1536 multi
832 1509 989 1536 academici
1014 1509 1212 1544 contulerant,
1244 1509 1425 1537 Melanthoni
1454 1509 1612 1546 hospitium
1636 1510 1729 1538 offert.
1752 1527 1794 1531 —-
1818 1510 1886 1538 Mel.
1916 1511 2020 1538 iterum
2048 1510 2175 1547 pertexit

378 1551 559 1586 dialecticen,
581 1552 677 1579 denuo
701 1552 853 1579 edendam.

347 1593 423 1621 Her
433 1603 565 1621 mannu
582 1604 595 1621 s
614 1594 753 1631 Archiep.
778 1593 881 1622 Colon.
902 1603 933 1622 se
956 1594 1125 1631 episcopatu
1149 1594 1273 1622 abdicat.

271 1637 321 1666 27.
346 1637 414 1664 Mel.
435 1642 479 1664 est
497 1637 592 1665 adhuc
615 1635 779 1665 Servestae.

155 1679 241 1709 Febr.
296 1681 324 1709 3.
347 1679 415 1708 Rex
437 1678 552 1708 Daniae
576 1680 636 1708 200
660 1680 854 1708 Ioachiniicos
877 1679 954 1707 dono
976 1679 1095 1708 miserat
1117 1679 1325 1717 Bugenhagio,
1352 1679 1479 1708 Lutheri
1501 1680 1606 1708 viduae
1630 1684 1658 1708 et
1676 1680 1873 1717 Melanthoni,
1903 1691 1956 1719 pro
1979 1681 2083 1719 quibus
2105 1681 2174 1711 Mel.

379 1723 488 1760 gratias
511 1723 571 1760 agit
593 1728 621 1751 et.
642 1723 795 1751 historiam
818 1722 887 1750 belli
910 1726 1017 1750 narrat.

211 1766 326 1795 5—10.
349 1764 406 1794 His
430 1765 487 1793 sere
507 1766 608 1794 diebus
631 1772 674 1793 est
696 1766 887 1803 Vitebergae,
917 1765 965 1792 ubi
996 1765 1113 1802 scripsit
1141 1765 1177 1793 ad
1200 1765 1338 1793 Ioannem
1362 1765 1543 1793 Fridericum
1564 1766 1731 1794 Electorem
1752 1776 1875 1805 eumque
1899 1768 2049 1796 admonuit
2072 1772 2103 1796 ut-
2124 1777 2174 1807 pa-

381 1818 444 1836 cem
467 1808 584 1837 faceret.
630 1809 712 1846 (Vid.
737 1819 780 1846 ep.
806 1809 833 1837 d.
862 1810 907 1836 13.
931 1808 1016 1837 Febr.
1042 1809 1080 1835 ad
1101 1807 1210 1845 Gcorg.
1236 1808 1372 1844 Anhalt.)
1395 1824 1435 1829 ——-
1454 1809 1555 1836 Rediit
1576 1808 1749 1838 Sei-vestam.

275 1852 322 1879 17.
346 1851 476 1879 Vocatur
497 1851 564 1879 Mel.
587 1861 605 1879 a
628 1852 776 1880 Ioachimo
799 1851 931 1889 principe
954 1851 1075 1879 Anhalt.
1100 1851 1130 1878 in
1155 1852 1293 1888 oppidum
1312 1851 1442 1879 Kothen.
1487 1851 1620 1880 Pertcxit
1643 1852 1774 1880 ultimam
1797 1859 1909 1890 partem
1928 1853 2103 1883 dialectices.

275 1894 324 1922 19.
347 1892 472 1922 Senatus
496 1893 745 1931 Norinbergensis
768 1894 951 1922 Melanthoni
971 1898 999 1921 et
1022 1892 1193 1922 Camerario
1215 1895 1320 1922 iterum
1343 1895 1500 1932 hospitium
1524 1895 1675 1925 obtulerat.

273 1936 323 1965 23.
347 1936 414 1964 Mel.
437 1937 545 1973 gratias
569 1939 630 1974 agit
652 1937 772 1966 Senatui
792 1937 1033 1974 Norinbergensi.

273 1979 322 2007 26.
347 1979 471 2007 Moritur
494 1980 615 2015 Anna,
639 1981 699 2008 filia
717 1980 802 2016 Mel„
825 1990 899 2008 uxor
923 1979 1034 2014 Sabini,
1058 1979 1257 2016 Regiomonti.

156 2021 242 2052 Mart.
296 2023 323 2050 1.
347 2022 489 2059 Princeps
512 2022 631 2051 Elector
652 2023 740 2058 iubet,
762 2027 793 2051 ut
814 2024 991 2051 Academiae
1013 2023 1147 2051 doctores
1170 2023 1273 2051 iterum
1296 2024 1417 2052 redeant
1439 2024 1626 2062 Vitebergam
1649 2027 1679 2052 ct
1700 2024 1832 2052 doceant.

297 2064 324 2093 2.
349 2064 449 2093 Sabini
473 2065 542 2100 filia,
567 2067 645 2103 apud
666 2066 883 2094 Melanthonem
908 2070 1031 2101 versata,
1054 2065 1127 2093 febri
1150 2065 1271 2095 laborat.

274 2279 322 2307 13.

274 2322 322 2350 15.

274 2365 324 2394 19.

273 2449 310 2478 23

269 2493 318 2522 26.

315 2132 321 2138 .
346 2107 505 2136 Decretum
526 2109 632 2146 synodi
654 2109 845 2137 Tridentinae
869 2109 905 2137 de
927 2107 1133 2138 Sacramentis.

345 2150 489 2188 Princeps
512 2151 630 2180 Elector
649 2153 749 2190 copias
771 2151 885 2180 Alberti
908 2152 1087 2180 Marchionis
1106 2152 1143 2179 ad.
1162 2152 1303 2189 oppidum
1326 2151 1461 2180 Rochlitz
1481 2153 1510 2180 in
1533 2152 1632 2189 fugam
1655 2153 1780 2181 coniicit.
1805 2152 1944 2181 Albertus
1969 2153 2090 2191 capitur.

316 2216 322 2223 .
346 2194 507 2222 Absolutus
538 2199 581 2223 est
610 2195 683 2222 liber
706 2195 794 2222 Menii
824 2201 875 2225 non
906 2196 952 2224 bet
976 2194 1145 2232 ffictbmebt.
1178 2204 1265 2231 quem
1296 2194 1423 2223 Ioannes
1452 2195 1609 2224 Marcellus
1640 2197 1670 2223 in
1699 2196 1831 2233 linguam
1854 2196 1975 2224 latinam
2005 2197 2100 2226 vertit.
2131 2213 2172 2218 —

380 2235 514 2265 Scribere
538 2238 688 2266 constituit
708 2238 846 2266 adversus
867 2239 1015 2265 decretum
1037 2237 1152 2266 concilii
1175 2237 1342 2266 Tridentini
1365 2239 1400 2266 de
1424 2239 1638 2267 iustificatione.

345 2279 413 2308 Mel.
437 2281 555 2308 nomine
578 2281 754 2308 Academiae
776 2280 938 2318 gratulatur
961 2280 1091 2317 Principi
1115 2280 1244 2309 Electori
1268 2281 1304 2309 de
1328 2281 1450 2310 victoria
1472 2283 1498 2310 d.
1525 2284 1551 2310 3.
1577 2281 1673 2309 Martii
1696 2285 1853 2318 reportata.

346 2323 462 2360 Accipit
484 2324 638 2360 epistolam
660 2324 773 2351 Alberti
798 2323 890 2351 Ducis
912 2324 948 2351 de
967 2323 1069 2351 morbo
1094 2323 1198 2351 Annae
1216 2324 1294 2351 filiae
1315 2333 1394 2352 suae.

348 2365 417 2394 Mel.
445 2366 558 2395 scribit:
595 2365 688 2404 „Sunt
715 2367 762 2394 hic
790 2369 933 2406 ,tramitae
956 2365 1280 2405 [Brandenburgenses]
1311 2367 1443 2404 quidam,
1477 2376 1598 2404 quorum
1631 2367 1766 2395 virulenti
1797 2371 1865 2395 sunt
1893 2375 2042 2396 sermones
2071 2366 2173 2395 adver-

381 2416 430 2436 sus
451 2411 535 2437 nos.“

316 2472 322 2478 .
346 2450 476 2478 Vocatus
501 2456 562 2480 erat
584 2461 602 2480 a
623 2452 772 2480 Ioachimo
795 2452 906 2480 March.
928 2451 1064 2480 Electore
1086 2451 1118 2479 in
1141 2452 1332 2481 Academiam
1351 2453 1638 2482 Francosordianam.

342 2493 506 2522 Excuditur
528 2495 623 2523 adhuc
647 2495 796 2523 dialectice
819 2504 837 2522 a
860 2494 986 2531 Iosepho
1009 2494 1100 2532 Klug.

347 2536 477 2574 Georgio
501 2537 663 2566 Anhaltino
687 2538 772 2566 mittit
798 2537 1027 2566 conciunculam.

272 2580 322 2608 27.
344 2580 461 2618 Accipit
483 2580 621 2609 nuncium
644 2581 680 2608 de
703 2585 796 2609 morte
818 2581 933 2616 Annae,
954 2580 1042 2609 filiae.
