2299 2921
124 106 188 138 261
301 106 339 138 u.
383 105 571 138 INDICES.
616 107 658 138 H.
682 105 821 138 INDEX
842 104 1039 138 EPISTOL.
1062 103 1176 138 PHIL.
1200 104 1304 138 MEL.
1327 104 1668 139 ALPHABETICUS
1693 107 1778 139 PFR
1799 107 1942 141 INITIA.
2062 108 2127 141 262

168 201 253 232 Sensi
274 212 320 230 me
342 201 481 230 merifico.
514 202 553 236 V,
578 203 627 231 99.

168 244 280 274 Seriem
303 246 448 273 actionum
472 242 649 272 Conventus.
685 244 738 280 IV,
763 244 833 274 392.

168 286 199 316 Si
220 287 313 316 Iosias
334 288 401 316 ideo
424 287 598 324 Noriberga.
631 285 687 322 IX,
715 288 782 316 149.

168 329 199 359 Si
222 331 279 359 mei
302 330 511 368 expectatione.
546 329 598 364 IV,
623 330 693 358 697.

168 372 198 402 Si
222 373 291 410 quid
313 374 411 407 habes,
435 373 511 409 quod
534 371 671 400 Luthero.
702 371 741 406 H,
765 372 814 401 42.

168 415 218 444 Sic
240 425 303 444 sum
325 416 506 452 defatigatus.
539 413 563 448 Ι,
589 415 659 443 974.

168 457 347 494 Sigismundi
369 457 485 486 Gelenii
509 457 668 494 epistolam.
704 455 756 491 VI,
781 457 829 485 49.

167 499 346 537 sigismundi
369 499 456 529 Geloi
479 500 631 538 epistolam
653 502 719 536 post
740 503 830 526 tuum.
861 497 916 534 IX,
941 499 1010 527 826.

167 542 369 580 sigismundus
391 542 502 571 Gelous
523 547 631 571 noster.
666 542 701 576 V,
727 542 798 570 708.

167 585 254 624 Spem
276 587 348 615 mihi
366 586 523 615 Diaconus.
552 585 592 620 V,
614 585 685 613 680.

167 628 259 666 Spero
279 629 431 657 Matthiam
451 629 510 656 iam
533 628 578 655 ad.
612 626 668 661 ΙΙΙ,
692 627 763 655 456.

166 670 258 708 Spero
280 681 376 700 meum
400 671 560 699 ministrum
584 669 733 697 Ioannem.
767 668 806 704 Π,
832 669 903 698 935.

166 713 257 750 Spero
280 719 307 742 te
329 714 478 751 accepisse
500 713 689 741 historiolam.
725 711 780 747 HI,
807 711 895 740 1026.

166 755 258 793 Spero
278 761 306 784 te
328 756 497 785 fasciculum
520 756 676 784 literarum.
710 754 750 790 Π,
774 756 844 784 503.

166 797 258 835 Spero
279 803 307 827 te
330 801 387 827 iam
410 799 540 827 feliciter.
572 798 612 833 Π,
636 798 706 826 275.

165 840 270 870 Statim
293 852 310 869 a
332 842 463 880 Lipsicis
480 842 626 869 nondinis.
661 840 686 875 I,
712 840 802 869 1003.

165 883 307 913 Stibarius
329 886 408 913 misit
425 885 482 912 huc
504 884 681 913 fasciculum.
712 882 751 917 Π,
776 883 845 911 340.

164 925 224 955 Sua
246 936 348 955 caussa
370 928 544 955 Bernardus.
577 926 632 961 ΠΙ,
658 926 729 954 773.

163 968 224 997 Sua
243 971 348 1007 cuique
368 971 459 998 virtus
482 970 647 1007 praecipue.
683 966 750 1003 VII,
770 968 840 996 485.

164 1011 266 1040 Subito
289 1018 348 1040 erat
371 1013 556 1049 ingressurus
578 1013 641 1040 iter.
673 1009 727 1045 IV,
750 1010 820 1039 867.

163 1052 266 1083 Subito
290 1056 360 1083 mihi
378 1056 573 1084 scribendum.
607 1054 644 1087 V,
673 1054 741 1082 161.

164 1095 323 1125 Succensui
346 1097 389 1138 τῷ
411 1096 613 1137 σταυροφόρῳ.
648 1095 685 1128 V.
711 1096 780 1123 831.

164 1139 290 1168 Summis
313 1141 402 1167 animi
424 1140 580 1168 doloribus.
614 1138 637 1173 I,
665 1138 754 1165 1110.

164 1182 237 1210 Sunt
259 1183 374 1219 quidem
397 1181 580 1210 Scholastici.
614 1182 651 1215 V,
677 1181 747 1210 507.

163 1224 329 1253 Tabellario
348 1225 559 1262 Noribergensi
582 1224 658 1252 dedi.
692 1222 745 1257 IV,
769 1223 839 1251 849.

163 1268 237 1296 Tam
261 1268 427 1296 diuturnum
451 1268 607 1296 silentium.
642 1266 696 1300 ΙΠ,
721 1266 791 1294 359.

163 1311 296 1338 Tandem
319 1311 406 1347 igitur
428 1315 545 1338 eertum.
581 1310 616 1343 V,
642 1310 711 1337 755.

163 1353 329 1381 Teneamus
351 1353 426 1380 hanc
450 1363 547 1381 veram
572 1351 810 1380 consolationem.
847 1351 930 1387 VIII,
957 1353 1024 1382 167.

163 1395 252 1423 Texit
276 1396 356 1423 Deus
380 1396 456 1424 filias
479 1401 592 1423 nostras
614 1396 644 1423 in
668 1395 778 1422 itinere.
814 1393 870 1430 IX,
896 1396 965 1424 787.

163 1438 280 1475 Torgae
302 1439 466 1466 audivimus
489 1436 689 1475 Spenglerum.
724 1437 764 1471 Π,
788 1439 859 1467 517.

163 1481 328 1515 Trahimur,
352 1486 383 1508 ut
405 1482 495 1515 vides,
517 1482 547 1508 in
571 1481 629 1509 illa.
664 1479 746 1514 VIII,
772 1481 842 1509 413.

162 1523 229 1550 Tua
251 1524 406 1552 assiduitas
429 1525 458 1551 in
483 1524 644 1551 scribendo.
679 1523 719 1557 ΙΙ,
744 1522 813 1551 659.

163 1566 229 1594 Tua
252 1567 321 1594 mihi
344 1567 509 1595 assiduitas.
545 1566 597 1601 IV,
623 1566 693 1595 845.

162 1608 244 1636 Tuae
267 1609 480 1637 admonitiones
499 1614 574 1637 sunt.
609 1609 646 1643 V,
671 1609 739 1637 270.

163 1652 257 1680 Tuam
282 1652 432 1688 epistolam
455 1652 492 1680 ad
511 1661 649 1689 generum
674 1661 778 1679 meum.
814 1651 880 1686 VII,
905 1653 975 1681 930

162 1694 256 1722 Tuam
279 1694 472 1730 frugalitatem
495 1695 526 1722 in
549 1699 697 1743 apparatu.
733 1693 787 1728 IX,
812 1695 882 1723 567.

1119 1533 1124 1617 l

1121 1621 1123 1672 1
1150 1608 1174 1638 C

1121 1680 1124 1702 l

1121 1706 1123 1722 A

1193 200 1313 230 Utinam
1335 205 1415 229 tuum
1437 202 1491 230 iter
1512 202 1645 231 faustum.
1678 204 1716 239 V,
1739 204 1811 234 901.

1192 243 1315 272 Utinam
1338 254 1417 279 vero,
1437 250 1469 272 ut
1488 254 1552 282 ego.
1583 245 1623 282 II,
1649 246 1721 274 877.

1193 286 1287 314 Valde
1308 287 1409 324 petivit
1431 287 1557 316 Iacobus
1580 288 1769 318 Pomeranus.
1804 288 1891 325 VIII,
1915 290 1987 319 593.

1192 328 1290 357 Velim
1312 328 1553 367 Christophorum
1575 331 1600 359 si
1624 332 1686 360 erit.
1720 331 1774 366 IV,
1799 333 1870 362 709.

1192 371 1307 400 Vellem
1328 373 1424 400 triduo
1446 374 1540 402 citius.
1579 374 1617 409 V,
1642 374 1712 404 236.

1193 414 1343 442 Venerunt
1365 415 1422 443 huc
1444 417 1562 454 quidam
1584 417 1790 446 adolescentes.
1821 417 1861 453 II,
1886 419 1956 448 595.

1193 456 1334 486 Venimus
1352 456 1466 495 Spiram
1488 459 1591 497 pridie.
1623 459 1647 494 Ι,
1674 461 1764 490 1039.

1193 499 1282 527 Venit
1304 500 1375 528 mihi
1395 501 1481 530 hodie
1503 503 1542 530 in.
1578 502 1601 537 I,
1626 503 1696 532 811.

1194 541 1379 571 verecundia
1399 549 1466 572 tuae
1489 546 1639 582 epistolae.
1673 546 1726 581 IV,
1751 547 1822 576 713.

1193 584 1264 613 Veri
1287 585 1377 614 dilexi
1400 592 1428 614 et
1450 588 1615 625 magnifeci.
1651 589 1688 624 V,
1713 590 1784 618 885.

1194 627 1306 656 Versus
1328 633 1394 657 tuos
1416 631 1556 667 optimos:
1579 631 1709 660 Turbati.
1738 631 1792 667 VI,
1817 632 1887 661 315.

1193 670 1284 698 Vetus
1303 671 1453 700 translatio
1472 672 1658 711 Centiloquii,
1696 675 1736 710 ΙΙ,
1760 675 1831 704 548.

1192 712 1288 740 Video
1308 713 1411 742 laetari
1429 715 1539 753 vulgus.
1573 717 1625 750 IV,
1649 719 1721 748 855.

1192 755 1294 790 Vi,des
1316 757 1355 784 mi
1377 756 1412 792 Ι.
1433 758 1463 785 111
1486 759 1542 787 1113.
1574 759 1616 794 ΙΙ,
1641 761 1711 791 598.

1193 798 1263 826 Vidi
1286 807 1409 828 coronas
1432 810 1560 838 prorsus.
1588 803 1641 841 VI,
1665 804 1735 833 235.

1193 840 1323 869 Vincunt
1346 842 1434 879 igitur
1458 843 1597 873 Senones.
1633 845 1717 882 VIII
1737 847 1808 876 902,

1194 884 1295 912 Virtus
1318 894 1371 913 sua
1393 895 1537 924 quenque.
1572 888 1608 923 V,
1634 889 1706 918 670.

1192 926 1279 954 Vitus
1299 928 1450 964 epistolam
1470 934 1550 958 tuam
1569 932 1647 959 mihi.
1680 931 1737 966 III,
1764 933 1854 962 1077,

1192 968 1253 996 Vix
1276 978 1419 1006 agnosces
1441 972 1581 1002 fortassis.
1616 973 1669 1009 IV,
1697 976 1765 1004 175.

1193 1011 1336 1039 Volebam
1357 1013 1387 1040 in
1406 1016 1548 1050 proximis
1567 1017 1667 1046 literis.
1694 1017 1746 1052 IV,
1773 1019 1842 1047 185.

1193 1053 1285 1084 {Betui
1304 1055 1350 1091 fid)
1370 1056 1556 1087 (Sutmannuss.
1579 1059 1664 1092 VIII
1690 1040 1760 1089 613.

1191 1094 1359 1147 Αἰχῦνομαί
1379 1107 1427 1126 σοι
1448 1099 1635 1136 μεταδιδὶύς.
1659 1102 1696 1136 V,
1720 1104 1792 1132 473.

1182 1133 1227 1168 Ευ
1249 1134 1388 1178 πράττειν
1408 1138 1463 1172 ότι.
1510 1142 1595 1178 Quod
1618 1154 1676 1172 non
1700 1150 1777 1173 esset
1793 1146 1879 1175 sama.
1903 1146 1928 1181 Ι,
1947 1147 2017 1176 753.

1190 1180 1265 1215 Ἠώς
1288 1181 1344 1222 γάρ
1366 1187 1518 1234 προφέρει.
1543 1187 1599 1221 IX,
1624 1188 1694 1216 230

1193 1222 1270 1254 Οὐδὲ
1293 1224 1409 1275 θερμὸν
1431 1224 1525 1268 ὕδωρ.
1555 1230 1592 1264 V,
1613 1231 1682 1259 864.

1192 1267 1271 1307 Περὶ
1292 1265 1468 1312 πράγματος
1489 1271 1549 1308 τῆς
1575 1272 1615 1307 ΙΙ,
1638 1274 1708 1303 554.

1192 1309 1334 1351 Σωτηρία
1357 1314 1407 1341 οὖν
1429 1315 1529 1344 &mia
1553 1315 1590 1349 V
1615 1316 1674 1343 892

1149 1351 1380 1389 camerario,
1405 1356 1609 1392 Ioachimo,
1632 1358 1733 1387 filio:

1192 1395 1403 1426 Dulcissimum
1423 1399 1560 1429 officium.
1595 1380 1680 1432 VIII
1705 1402 1775 1431 877.

1193 1439 1351 1468 Meministi
1373 1451 1486 1470 vtrsum
1511 1444 1540 1471 in
1565 1453 1622 1480 quo
1646 1446 1767 1474 numeri.
1805 1444 1873 1481 VII,
1897 1447 1967 1476 539.

1149 1480 1306 1510 Camici
1299 1493 1382 1519 1,tno
1408 1486 1597 1514 Andreae.

1192 1525 1362 1561 Meministi,
1386 1537 1461 1564 quae
1484 1528 1578 1558 fuerit
1604 1529 1659 1564 ΙΙΙ,
1684 1531 1755 1560 914.

1193 1567 1417 1604 Plaefationem,
1441 1580 1498 1607 qua
1520 1571 1590 1600 Divi
1613 1573 1697 1601 Pauli
1721 1574 1890 1603 doctrinam.
1916 1574 1941 1609 I,
1969 1575 2035 1604 133.

1182 1611 1327 1647 amillo,
1350 1613 1569 1642 Laurentio:

1192 1652 1232 1680 Et
1254 1655 1457 1684 benevolentia
1479 1662 1537 1686 tua.
1574 1658 1642 1694 VII,
1664 1659 1737 1688 555.

1192 1696 1226 1723 In
1249 1698 1343 1734 primo
1366 1698 1637 1731 Oeeonomicorum
1672 1702 1726 1735 VI,
1750 1703 1820 1732 387.

162 1737 243 1765 Tuas
276 1737 375 1766 literas
415 1738 514 1775 accepi
546 1738 649 1773 hodie,
673 1739 702 1766 in
733 1737 837 1774 quibus
870 1736 1008 1766 Genesin.
1055 1737 1097 1773 H,
1122 1738 1367 1780 Campegio,
1390 1741 1596 1772 Laurentio
1620 1744 1867 1782 (Campeggik

163 1780 366 1850 ΤυῗιὲοΙίῐρι-ῑιε
389 1823 498 1860 accepi,
519 1823 550 1850 in
572 1823 677 1859 quibus
701 1823 736 1850 de
758 1823 814 1851 die.
844 1822 868 1858 Ι,
893 1823 964 1852 858.

163 1865 243 1893 Tuas
266 1865 364 1893 literas
386 1866 501 1902 accepi,
529 1866 559 1893 in
584 1867 688 1903 quibus
711 1866 746 1893 de
768 1867 849 1895 meis.
874 1865 929 1901 HI,
952 1867 1022 1895 571.

162 1908 243 1936 Tuas
266 1907 363 1935 literas
387 1908 473 1936 hodic
495 1908 582 1945 paulo
605 1914 672 1936 ante
695 1919 780 1946 quam
804 1910 956 1947 flagitaret.
983 1908 1006 1947 I,
1024 1911 1093 1939 741.

162 1951 243 1978 Tuas
266 1950 380 1985 literas,
415 1951 445 1978 in
468 1951 572 1987 quibus
596 1955 625 1978 et
651 1952 688 1980 de
710 1953 914 1981 moderatione.
946 1952 998 1987 VI,
1023 1953 1093 1982 785.

165 1993 338 2030 Ubicunque
360 1993 418 2021 duo
441 1998 516 2022 sunt.
551 1994 588 2029 V,
611 1995 681 2024 345.

164 2035 282 2064 Ulricus
303 2035 447 2064 Pindarus
469 2037 583 2073 rogavit
606 2046 659 2064 me.
688 2037 727 2072 Π,
752 2038 822 2068 653.

164 2078 205 2107 Ut
227 2087 319 2106 annus
342 2079 389 2106 hic
411 2080 448 2107 sit
465 2079 576 2107 faustus
598 2084 626 2107 et
648 2080 729 2110 felix.
759 2079 843 2116 VIII,
870 2082 937 2111 186.

166 2121 207 2150 Ut
226 2122 458 2150 ardentissimam
477 2120 606 2162 στοργὴν.
640 2122 695 2157 ΙΧ,
718 2124 788 2153 479.

164 2163 207 2192 Ut
229 2166 417 2201 Argonautae
439 2166 468 2192 in
492 2164 625 2202 Syrtibus
647 2166 811 2194 haeserunt.
847 2166 930 2203 VIII,
954 2168 1026 2198 432.

164 2205 206 2235 Ut
227 2207 316 2244 igitur
336 2217 390 2235 nos
413 2210 451 2236 ἐν.
484 2208 521 2242 V,
542 2208 612 2237 360.

164 2248 206 2277 Ut
228 2249 319 2278 multa
337 2250 402 2278 facit
425 2251 636 2287 intempestive.
670 2250 723 2287 VI,
743 2252 791 2282 67.

164 2291 206 2320 Ut
229 2292 351 2320 Proteus
373 2294 539 2322 consumtis.
573 2293 626 2329 IV,
653 2295 700 2323 19.

165 2333 207 2363 Ut
230 2335 349 2363 veniens
375 2345 468 2364 annus
490 2336 603 2365 faustus
630 2341 657 2364 et
680 2353 730 2365 —-—.
754 2338 819 2375 Ego
842 2343 878 2368 et.
912 2338 996 2373 VIII,
1022 2339 1094 2370 633.

166 2377 287 2405 Utinam
312 2382 339 2406 et
361 2379 512 2407 universae
532 2380 760 2416 gubernationis.
790 2381 875 2416 VIII,
895 2382 966 2412 420.

165 2419 285 2448 Utinam
308 2420 431 2449 feliciter
453 2422 578 2451 domum.
613 2422 637 2457 I,
664 2423 754 2453 1051.

166 2461 286 2491 Utinam
308 2463 439 2492 licuisset
458 2474 515 2492 una
537 2474 601 2493 cum
624 2466 702 2494 Vito.
738 2465 779 2501 H,
804 2467 874 2495 652.

166 2504 285 2533 Utinam
309 2510 385 2534 recte
408 2511 437 2534 et
458 2506 580 2535 feliciter
604 2509 709 2538 valeas.
748 2508 788 2544 H,
812 2510 882 2539 965.

166 2547 285 2576 Utinam
309 2549 418 2577 reditus
443 2554 541 2578 noster
563 2551 599 2578 sit
622 2551 705 2579 faust.
732 2556 759 2580 et
781 2552 860 2581 felix.
897 2553 980 2590 VIII,
1005 2554 1076 2585 677.

1120 2336 1123 2400 1

1192 1782 1368 1812 Admonitus
1392 1794 1454 1813 sum
1479 1796 1496 1813 a
1519 1788 1653 1823 quodam.
1679 1787 1718 1823 ΙΙ,
1743 1789 1814 1817 254.

1191 1824 1265 1854 Cum
1289 1828 1506 1863 praedicatione
1529 1830 1693 1859 multorum.
1720 1830 1760 1865 ΙΙ,
1787 1831 1856 1861 168.

1190 1868 1255 1905 Ego
1278 1878 1336 1898 non
1359 1880 1462 1900 recuso
1485 1873 1653 1909 periculum.
1680 1873 1719 1908 II,
1748 1874 1815 1903 172.

1187 1910 1307 1940 Nullius
1328 1922 1499 1950 congressus
1517 1916 1547 1943 in
1570 1916 1624 1944 hac
1648 1917 1726 1946 urbe.
1752 1916 1792 1951 H,
1816 1917 1888 1947 248.

1187 1954 1340 1991 Principes
1363 1958 1454 1985 nostri
1475 1958 1615 1987 miserunt
1638 1969 1700 1988 nos.
1736 1959 1775 1995 ΙΙ,
1802 1961 1871 1989 171

1146 1995 1340 2034 Capitoni,
1364 1999 1591 2038 Wolfgango
1616 2002 1813 2031 Fabricio:

1186 2040 1340 2069 Mittuntur
1362 2043 1398 2070 ad
1422 2053 1472 2072 vos
1498 2045 1599 2081 optimi
1629 2050 1657 2074 et
1679 2046 1811 2075 sanctiss.
1842 2046 1977 2077 hominis.
2006 2047 2031 2084 Ι,
2055 2047 2126 2079 492.

1189 2082 1285 2118 Quam
1308 2084 1394 2113 velim
1417 2086 1458 2114 ita
1480 2087 1539 2115 tibi.
1563 2087 1616 2122 IV,
1642 2089 1712 2117 949.

1144 2123 1369 2163 Carlowitz,
1392 2126 1612 2168 Christoph.
1637 2141 1669 2159 a.

1186 2168 1261 2197 Cum
1284 2170 1320 2197 de
1344 2171 1484 2200 beneficio
1506 2173 1701 2204 illustrissimi.
1731 2173 1780 2208 VI,
1804 2174 1875 2205 879.

1145 2211 1425 2249 Carolostadio,
1449 2215 1639 2244 Michaeli:

1188 2254 1376 2294 Defatigatus
1399 2267 1486 2287 eram.
1518 2259 1554 2294 V,
1577 2260 1613 2287 77
1620 2261 1646 2289 7.

1146 2297 1281 2327 carolo
1305 2299 1354 2335 V.‚
1376 2300 1615 2338 Imperatori:

1189 2342 1366 2379 Accepimus
1387 2343 1494 2373 literas.
1520 2344 1574 2379 ΙΙΙ,
1600 2344 1689 2374 1023.

1190 2383 1260 2412 Non
1283 2386 1454 2414 inusitatum
1477 2392 1528 2415 est.
1556 2387 1606 2422 IV,
1631 2388 1701 2416 318.

1147 2426 1296 2463 Carolo,
1320 2429 1474 2457 Adamo:

1190 2469 1366 2509 Priusquam
1386 2472 1441 2499 iter
1463 2473 1639 2510 ingrederer.
1671 2472 1726 2508 ΙΠ,
1752 2474 1840 2503 1094.

1149 2512 1376 2549 Castalioni,
1401 2513 1642 2544 Sebastiano:

1192 2556 1342 2586 Hactenus
1363 2558 1400 2586 ad
1423 2562 1451 2585 te
1472 2557 1545 2586 nihil
1563 2559 1674 2596 scripsi.
1699 2557 1756 2594 IX,
1777 2560 1847 2589 359.

1763 2617 1806 2642 R-
