2299 2921
142 96 205 129 113
925 93 950 126 1.
996 93 1203 127 ANNALES
1225 95 1371 128 VITAE.
2091 99 2155 132 114

141 191 197 221 Iul.
332 190 500 219 Melanthon
528 198 608 218 suam
633 189 733 217 scribit
751 191 923 219 sententiam
946 191 981 219 de
1004 190 1128 219 concilio
1151 191 1324 220 Tridentino
1346 191 1553 221 continuando.

256 234 305 263 26.
329 233 416 261 Initia
439 232 621 261 comitiorum
644 232 759 268 imperii
783 235 933 270 Augustae
958 233 1186 262 vindelicorum.

142 280 219 315 Aug.
256 277 306 306 29.
329 275 498 304 Melanthon
521 275 551 302 in
575 285 609 303 eo
633 279 685 310 est,
710 280 740 302 ut
763 277 870 304 scribat
892 277 1031 304 adversus
1052 275 1144 304 Flacii
1168 277 1348 314 aliorumque
1372 276 1540 305 calumnias.

329 319 474 347 Henricus
497 317 569 345 Dux
590 317 714 345 Brunsv.
740 318 853 347 obsidet
872 319 971 347 urbem
993 319 1196 356 Brunsvigam.

329 361 465 390 Exeunte
488 362 624 398 Augusto
647 361 770 388 moritur
794 361 975 396 Granvelus,
1005 366 1101 399 pater,
1129 363 1158 389 in
1183 362 1310 390 comitiis
1331 362 1527 399 Augustauis‚
1557 362 1587 389 in
1611 362 1694 390 cuius
1718 362 1813 390 locum
1837 363 1965 391 succedit
1990 364 2150 400 Antonius,

364 404 427 432 eius
449 403 536 438 filius,
560 403 723 440 Episcopus
748 404 963 432 Atrebacensis.

140 446 221 485 Sept.
331 446 453 475 Ineunte
476 455 575 474 mense
598 445 766 473 Melanthon
790 447 889 474 scribit.
912 447 1082 475 Placotomo
1107 447 1279 475 sententiam
1301 456 1383 475 suam
1407 447 1442 475 de
1465 447 1616 484 prodigiis.

277 491 304 519 7.
329 489 397 517 Mel.
421 489 521 517 scribit
544 487 674 526 Georgio
698 489 826 524 Veneto,
854 489 998 524 Pruteno‚
1027 490 1243 527 propositiones
1275 491 1305 518 in
1326 490 1470 527 publicam
1494 490 1738 526 disputationem,
1769 490 1897 518 habitam
1920 491 2096 529 Vitebergae
2120 492 2148 520 d.

364 532 392 560 2.
417 530 480 560 Oct.

257 574 306 604 21.
329 575 433 603 Editur
457 573 524 602 Mel.
549 573 671 601 brevis
696 575 884 602 enarratio
907 575 942 602 ii».
967 575 1242 603 Ecclesiasten.

257 618 306 646 22.
330 617 477 646 Proelium
501 616 796 653 Magdeburgensium
821 627 885 645 curu
911 618 1003 655 copiis
1027 617 1150 654 Georgii
1174 617 1265 645 Ducis
1285 618 1505 655 Megapolitani.

329 659 396 688 Hoc
423 668 521 687 mense
548 659 694 696 Theologi
723 660 948 697 Vitebergenses
977 661 1011 687 ad
1043 659 1183 688 Senatum
1212 660 1463 697 Hamburgensem
1492 660 1622 688 scribunt
1650 661 1686 688 de
1717 661 1916 689 controversia
1944 661 1980 689 de
2007 661 2149 690 descensu

365 702 474 731 Christi
497 702 534 730 ad
556 702 675 730 inferos.

141 746 205 776 Oct.
279 747 302 774 1.
325 745 548 774 Enarrationem
572 745 602 772 in
625 744 822 773 Ecclesiasten
846 746 923 773 dicat
945 745 1095 773 Ioaehimo
1114 745 1247 773 Mollero.

329 788 625 825 Magdeburgensium
649 788 787 824 scriptum
812 789 950 816 adversus
973 787 1110 816 Carolum
1137 787 1355 824 Imperatorem.

257 831 305 861 12.
331 831 418 859 Mittit
441 829 571 868 Georgio
593 830 756 859 Anhaltino
780 831 949 858 concionem
974 831 1009 858 de
1033 831 1126 858 dicto:
1152 839 1255 865 „nemo
1279 831 1374 868 rapiet
1396 839 1465 858 oves
1489 839 1569 858 meas
1594 840 1630 859 ex
1654 830 1788 859 manibus
1811 831 1910 859 nmis«

255 875 303 903 18.
326 873 455 911 Lipsiam
477 873 682 911 proficiscitur.

255 917 304 947 27.
326 915 501 945 Stathmioni
524 916 610 944 mittit
632 916 746 944 tabulas
770 916 805 943 ad
829 915 1030 952 Copernici
1054 915 1215 942 doctrinam
1238 915 1393 943 institutas.

329 959 397 987 Hoc
425 968 523 987 mense
551 959 696 996 prodeunt
724 958 918 986 Melanthonis
948 958 1093 985 ethicae
1122 957 1324 984 doctrinae
1356 958 1542 986 elementa
1568 963 1595 986 et
1619 958 1746 986 narratio
1775 959 1896 996 quinti
1924 958 2013 986 libri
2041 958 2149 987 Ethi-

364 1011 487 1030 corum
511 1001 754 1035 Aristotelis,
779 1001 909 1028 Antonio
933 1000 1061 1028 Burenio
1083 1000 1186 1027 dicata.

330 1045 416 1072 Item:
444 1045 674 1082 Magdeburgum
701 1043 848 1071 obsidetur
872 1053 889 1070 a
912 1043 1004 1080 copiis
1030 1042 1122 1070 Ducis
1149 1042 1364 1079 Megapolitanj.
1410 1043 1480 1071 Mox
1510 1048 1605 1071 autem
1629 1043 1698 1071 belli
1721 1043 1859 1072 adversus
1883 1043 2149 1081 Magdeburgenses

363 1087 423 1114 dux
446 1096 464 1114 a
486 1085 612 1114 Caesare
635 1086 820 1113 constituitur
843 1085 1006 1119 Mauritius,
1030 1084 1176 1112 Saxoniae
1200 1085 1279 1119 Dux.
1303 1085 1429 1113 Elector.

141 1129 218 1158 NOV.
256 1130 302 1159 13,
329 1129 420 1157 Iulius
440 1129 494 1157 III.
519 1129 656 1156 Pontifex
679 1128 780 1155 indicit
804 1128 958 1156 concilium
982 1128 1112 1155 Trident.
1136 1128 1170 1155 ad
1195 1127 1340 1156 calendas
1364 1128 1434 1155 Maii
1458 1128 1632 1155 habendum.

141 1172 212 1201 Dec.
277 1173 305 1201 5.
330 1172 499 1200 Melanthon
524 1172 651 1200 editurus
675 1176 717 1198 est
736 1172 865 1199 carmina
888 1169 1056 1206 Stigelii‚
1081 1171 1218 1198 adiuncta
1237 1171 1368 1198 oratione
1388 1171 1510 1198 Burenii
1532 1171 1567 1198 de
1590 1171 1738 1208 Magno,
1762 1170 1900 1208 Principe
1920 1170 2149 1208 Megapolitano‚

363 1220 391 1242 et
413 1215 504 1242 altera
526 1223 578 1242 sua
601 1214 636 1242 de
658 1213 777 1247 Ioanne,
800 1213 885 1241 Duce
909 1212 978 1242 Sax.
1003 1213 1145 1241 Electore.

333 1258 396 1285 Mel.
420 1262 501 1294 parat
525 1267 629 1285 novam
654 1256 809 1284 editionem
834 1256 899 1283 libri
922 1256 957 1283 dc
980 1257 1084 1283 anima.

257 1301 304 1329 13.
328 1300 480 1328 Praefatur
502 1300 531 1327 in
555 1300 689 1327 Mencelii
714 1299 865 1336 epicedion
889 1298 992 1326 Ioanni
1016 1298 1255 1336 Spangenbergio
1275 1296 1423 1335 scriptum.

257 1344 304 1372 19.
328 1343 592 1379 Magdeburgenses
615 1342 726 1370 obsessi
750 1342 929 1378 eruptionem
951 1341 1068 1376 faciunt,
1093 1346 1121 1368 et
1144 1341 1262 1377 capiunt
1286 1340 1400 1368 Ducem
1424 1341 1641 1378 Megapolitanu
1664 1350 1691 1368 m

255 1386 304 1416 20.
327 1385 497 1413 Melanthon
521 1384 665 1422 praefatur
688 1385 724 1412 ad
747 1384 914 1421 Philippum
938 1383 1050 1412 Ducem
1071 1384 1154 1412 Pom.
1178 1384 1208 1411 in
1231 1383 1315 1412 Tom.
1341 1383 1393 1411 IV.
1417 1393 1538 1421 operum
1562 1382 1682 1411 Lutheri
1700 1384 1941 1421 germanicorum.

330 1428 564 1465 Explicationem
588 1428 812 1455 Proverbiorum
834 1426 1000 1455 Salomonis
1022 1427 1099 1454 dicat
1122 1426 1253 1461 Alberto,
1281 1426 1354 1454 Duci
1379 1426 1605 1463 Megapolitano.

982 1552 1138 1583 ANNO
1180 1552 1305 1583 1551.

283 1642 294 1668 μ..

142 1639 204 1668 Ian.
301 1661 309 1668 .
334 1639 486 1668 Praefatur
508 1639 539 1667 in
563 1637 758 1667 Goldwurmii
786 1639 926 1675 „bitteris
946 1646 998 1668 ⁶:011
1019 1639 1149 1675 30&er
1174 1640 1210 1667 ad
1231 1638 1399 1676 Philippum
1423 1637 1566 1666 Comitem
1592 1637 1826 1667 Nassaviensem.

141 1682 227 1712 Febr.
286 1683 313 1712 9.
336 1682 506 1710 Melanthon
536 1687 563 1709 et
585 1679 770 1709 Camerarius
801 1682 1022 1719 proficiscuntur
1045 1681 1188 1710 Dresdam
1219 1682 1405 1709 deliberaturi
1435 1690 1499 1709 cum
1530 1680 1632 1708 aulicis
1658 1681 1693 1708 dc
1723 1681 1895 1717 quibusdam
1924 1681 2091 1709 doctoribus
2114 1681 2146 1710 in

368 1724 517 1763 Synodum
541 1725 744 1753 Tridentinum
764 1725 921 1753 mittendis.
946 1742 985 1745 —
1011 1724 1044 1752 In
1068 1725 1170 1753 itinere
1190 1725 1297 1753 salutat
1320 1723 1463 1752 Doctores
1485 1723 1603 1752 scholae
1626 1723 1784 1752 Misnensis
1807 1724 1935 1752 carmine
1957 1733 2071 1761 graeco.

331 1767 437 1796 Scribit
458 1768 564 1795 ibidem
589 1768 761 1795 sententiam
785 1776 866 1795 suam
888 1768 924 1795 dc
947 1768 1071 1795 concilio
1094 1768 1224 1795 Trident.

260 1812 306 1839 13.
331 1810 494 1838 Dimittitur
518 1811 635 1847 Imperii
659 1815 819 1838 conventus
842 1811 993 1847 Augustae
1016 1811 1132 1839 Vindel.

259 1853 309 1882 25.
333 1853 379 1881 De
402 1853 584 1881 ordinatione
607 1853 706 1880 scribit
728 1853 764 1880 ad
788 1854 977 1881 Academiam
1002 1852 1232 1881 Pomeranicam.

258 1895 307 1925 27.
332 1895 498 1924 Bucerus
521 1896 641 1923 moritur
663 1895 871 1932 Cantabrigiae
893 1897 922 1924 in
944 1896 1061 1933 Anglia,
1087 1902 1114 1923 ct
1138 1896 1298 1924 honorifice
1320 1894 1466 1932 sepelitur.

143 1938 228 1967 Mart.
281 1940 306 1966 3.
332 1938 501 1966 Melanthon
525 1938 561 1966 ad
584 1937 812 1974 Goettingenses
836 1939 872 1966 de
893 1940 1045 1966 vocatione
1069 1939 1266 1966 ministrorum
1291 1938 1369 1966 verbi
1393 1937 1493 1965 divini.

260 1981 309 2009 ⁴29.
335 1981 424 2008 Mittit
447 1981 651 2009 orationem
676 1981 717 2008 de
740 1980 952 2014 Frideric0‚
977 1982 1059 2009 Duce
1082 1981 1151 2010 Sax.
1177 1982 1222 2010 El.

144 2024 239 2062 April.
261 2023 308 2052 24.
332 2023 596 2052 Coneionatoribus
617 2024 915 2059 Argentoratensibus
937 2025 1037 2052 scribit
1059 2025 1095 2052 de
1117 2025 1231 2062 synodo
1255 2024 1361 2058 futura,
1386 2031 1494 2060 eosque
1518 2026 1632 2056 monet,
1657 2028 1685 2048 ut
1710 2021 1738 2048 iu
1761 2025 1897 2058 promptu
1920 2020 2045 2048 habeant
2068 2029 2151 2049 suam

369 2066 579 2095 confessionem
601 2067 678 2093 fidei.
1087 2098 1090 2099 .

250 2107 308 2149 130.
333 2110 421 2137 Mittit
443 2110 667 2146 descriptionem
688 2110 798 2145 figurae
822 2108 930 2137 Christi
954 2115 981 2137 et
1006 2110 1126 2138 Mariae.
1172 2109 1232 2145 (Cf.
1253 2119 1297 2146 ep.
1317 2109 1354 2136 ad
1373 2106 1533 2136 Buchholz.
1554 2107 1580 2136 d.
1602 2107 1629 2134 d.
1650 2108 1676 2135 9.
1698 2107 1759 2133 Iun.
1780 2106 1806 2134 h.
1827 2110 1867 2141 a.)

145 2152 213 2181 Mai.
283 2154 309 2180 1.
332 2153 401 2180 Edit
429 2152 595 2180 libellum
624 2152 665 2179 de
689 2151 879 2188 coniugio.
910 2152 1086 2179 Mcdmanno
1108 2153 1254 2185 dicatum3
1285 2152 1385 2179 scribit
1413 2151 1449 2178 de
1480 2150 1677 2178 controversia
1707 2147 1862 2183 Osiaudri,
1892 2152 1919 2175 et
1943 2147 2090 2185 praefatur
2112 2147 2149 2175 ad

368 2195 503 2222 Iacobum
537 2194 763 2223 Camenicenum
792 2195 823 2221 in
858 2194 918 2222 Viti
951 2194 1099 2223 Theodori
1131 2195 1361 2232 explicationem
1389 2193 1548 2230 insignium
1583 2192 1791 2220 sententiarum
1827 2201 1863 2219 ex
1892 2190 2002 2219 Ioanne
2036 2190 2148 2227 Evang.

368 2237 564 2266 collectarum.

341 2279 498 2308 Inchoatur
521 2279 632 2308 Concil.
657 2279 790 2308 Trident.
817 2280 867 2307 sed
890 2279 986 2307 statim
1010 2280 1039 2307 in
1063 2279 1208 2308 Calendas
1231 2279 1311 2316 Sept.
1332 2279 1512 2316 producitur.

282 2323 310 2350 5.
334 2321 458 2350 Dessam
477 2323 596 2355 secedit,
620 2323 718 2358 ibique
742 2323 899 2350 conscribit
918 2320 1136 2350 confessionem
1161 2321 1337 2350 Saxonicam
1361 2321 1485 2350 concilio
1509 2320 1640 2348 Trident.
1669 2319 1848 2346 tradendam.
1895 2317 1937 2344 Eo
1961 2317 2048 2344 etiam
2072 2317 2149 2345 venit

371 2365 467 2393 Ioach.
495 2365 689 2397 Camerarius,
714 2374 765 2401 per
795 2374 879 2401 quem
904 2365 1116 2393 confessionem
1144 2365 1222 2393 misit
1245 2366 1280 2393 ad
1303 2363 1573 2392 Cummerstadium.
1598 2362 1657 2397 (De
1676 2361 1857 2389 confessione
1877 2358 1984 2388 saxon.
2005 2359 2061 2387 vid.
2083 2369 2148 2397 epp.

372 2407 399 2436 d.
421 2409 448 2436 9.
471 2409 517 2436 11.
539 2408 608 2442 Iul.‚
634 2408 660 2436 d.
684 2408 731 2435 25.
752 2408 828 2444 Aug.
858 2412 884 2434 et
903 2407 930 2434 d.
952 2407 979 2436 2.
1010 2406 1088 2444 Sept.
1120 2408 1206 2436 huius
1242 2409 1325 2441 anni3
1354 2409 1423 2435 item
1448 2408 1530 2443 epist.
1551 2405 1675 2441 Georgii
1695 2404 1813 2431 Maioris
1836 2404 1866 2431 in
1890 2403 2150 2438 &tbumatber'ss

373 2450 483 2485 ⁵Btiefen
503 2459 537 2482 au
558 2451 597 2478 bie
617 2451 723 2486 Reniqe
743 2456 795 2479 bon
818 2449 970 2479 ‘Dfinemntf
995 2450 1027 2477 P.
1048 2450 1085 2477 11.
1107 2460 1134 2487 p,
1158 2452 1227 2479 151.
1248 2456 1277 2478 et
1294 2461 1322 2488 p.
1346 2451 1413 2478 156.
1459 2449 1594 2485 Denique
1615 2447 1680 2475 Mel.
1701 2447 1784 2484 epist.
1804 2446 1831 2474 d.
1852 2446 1877 2474 d.
1900 2446 1928 2474 4.
1949 2445 2022 2473 Maii
2044 2444 2151 2481 1553.)

337 2492 506 2520 Melanthon
529 2493 559 2520 in
582 2493 638 2520 hoc
661 2502 778 2521 secessu
802 2493 870 2529 legit
894 2493 1002 2530 scripta
1021 2492 1180 2521 Clementis
1204 2493 1405 2521 Alexandrini.

266 2534 313 2563 20.
338 2533 506 2563 Conventus
529 2535 722 2572 Naumburgi.

356 2601 500 2620 alannum.
521 2601 603 2621 OPER.
623 2601 686 2620 vot..
705 2601 804 2620 xxviii.
1921 2588 1946 2612 Η
