2299 2921
794 303 1023 334 CONFESSIO
1046 271 1269 334 SAffoch·
1283 303 1444 332 LATINA

831 351 992 377 auctore
1016 346 1110 377 Phil.
1134 345 1401 376 Melanthone.

315 425 537 465 prolegomena
555 423 704 464 specialia
721 434 750 463 p.
773 425 952 453 341—368.

402 503 446 524 aa.
491 492 540 522 De
563 491 710 522 Codice
734 492 914 531 originali
938 491 1029 521 huius
1050 490 1265 521 Confessionis
1284 501 1312 530 p.
1333 492 1393 520 343
1418 500 1488 529 sqq.

402 555 452 584 bl).
494 552 543 583 De
565 552 822 583 Editionibus
863 552 953 582 huius
977 551 1066 581 Cous.
1090 561 1119 591 p.
1141 553 1320 581 345—366.

496 617 523 644 1.
568 612 618 642 De
635 612 740 652 primis
762 612 973 646 Editionibus‚
993 622 1071 651 quae
1091 612 1188 640 inscio
1208 610 1471 640 Melanthone
1494 609 1668 650 prodierunt
1687 620 1714 649 p.
1736 612 1798 640 345
1818 620 1884 649 sqq.

570 667 619 698 De
639 668 758 698 duabus
777 667 971 697 Editionibus
984 667 1204 706 Lipsiensibus
1217 667 1378 706 prioribus,
1393 676 1470 704 quae
1483 672 1604 695 auctore
1617 667 1735 695 sciente
1748 665 1921 705 prodierunt
1938 676 1968 706 p.
1982 668 2041 697 349
2055 676 2123 707 sqq.

567 724 616 754 De
635 728 765 763 quatuor
784 723 978 753 Editionibus
997 722 1242 752 Francosurtanis
1265 733 1291 762 p.
1312 724 1369 752 351
1393 732 1460 761 sqq.

568 779 618 810 De
637 781 734 810 tribus
753 780 947 811 Editionibus
967 780 1299 819 witternhergensibus
1318 790 1347 819 p.
1373 781 1432 810 353
1454 790 1522 819 sqq.

570 838 618 867 De
639 835 826 876 Corporibus
850 837 1004 866 doctrinae
1023 836 1155 874 aliisque
1174 835 1331 875 Operibus
1355 834 1459 864 Seculi
1479 832 1565 864 xw.
1586 838 1616 865 et
1637 833 1751 869 XVII„
1775 836 1803 864 in
1824 834 1935 873 quibus
1960 834 2124 866 Confessio

612 880 765 909 Saxonica
788 880 879 909 latina
898 878 1057 908 exhibetur
1074 888 1104 917 p.
1125 880 1185 909 359
1205 887 1253 917 sq.

494 671 524 868 51¹2*st

497 937 523 966 6.
569 935 619 965 De
640 935 758 965 duabus
777 934 972 964 Editionibus
993 934 1232 964 Genevensibus
1250 944 1278 974 p.
1300 935 1361 964 359
1386 942 1453 972 sqq.

494 994 522 1022 7.
566 991 615 1021 De
638 990 820 1029 Buergeri
845 989 987 1020 Editione
1010 999 1038 1029 p.
1059 991 1117 1019 363
1139 999 1186 1028 sq.

494 1048 522 1076 8.
566 1046 615 1076 De
637 1049 765 1085 quatuor
783 1046 1001 1075 recentioribus
1020 1044 1217 1075 Editionibus
1241 1055 1270 1085 p.
1291 1046 1351 1075 363
1371 1053 1440 1084 sqq.

405 1113 454 1143 De
477 1113 594 1144 Codice
616 1114 803 1153 autographo
827 1123 856 1153 p.
877 1116 936 1144 365
958 1124 1006 1153 sq.

405 1171 454 1203 De
475 1177 605 1213 quatuor
623 1173 786 1213 generibus
810 1173 1015 1213 exemplorum
1039 1184 1069 1214 p.
1091 1176 1152 1204 365
1172 1183 1241 1213 sqq.

841 1295 1053 1328 Confessio
1073 1298 1258 1328 Saxoniea
1278 1297 1397 1327 iatina

805 1342 910 1371 critice
939 1341 1039 1371 denuo
1072 1341 1154 1371 edita
1182 1351 1210 1380 p.
1247 1342 1426 1371 369-461.

737 1463 934 1503 Repetitio
957 1463 1229 1495 Confessionis
1253 1467 1497 1504 Augustanae

295 1506 362 1534 sive
386 1504 592 1535 Confessio
616 1506 808 1536 doctrinae
832 1506 1099 1538 saxonicarum
1122 1509 1380 1538 Ecclesiarum
1403 1509 1518 1547 scripta
1535 1508 1624 1537 Anno
1647 1506 1768 1537 Domini
1791 1507 1939 1543 MDL1.‚

809 1554 842 1580 ut
865 1550 991 1590 Synodo
1011 1550 1203 1582 Tridentinae
1221 1552 1421 1581 exhiberetur.

107 1627 317 1658 Melanthonis
338 1628 484 1667 praefatio
549 1654 828 1661 ......
885 1642 915 1670 p.
941 1634 1001 1662 369
1021 1643 1068 1671 sq.
1349 1632 1397 1662 De
1420 1633 1571 1671 baptismo
1640 1657 1860 1663 .....
1918 1643 1947 1672 p.
1971 1636 2032 1663 414
2055 1644 2103 1674 sq.

108 1670 274 1702 Confessio
298 1672 452 1701 doctrinae
477 1671 693 1702 Saxonicarum
724 1672 830 1703 Eccle-
1348 1674 1396 1704 De
1416 1685 1510 1704 coena
1528 1675 1650 1704 Domini
1689 1700 1694 1706 .
1743 1700 1748 1705 .
1798 1700 1803 1706 .
1852 1701 1857 1706 .
1905 1694 1946 1699 —
1970 1679 2032 1707 415
2051 1688 2120 1717 sqq.

151 1714 263 1744 siarum
328 1739 825 1747 ..........
872 1735 914 1739 —
939 1719 999 1747 369
1019 1728 1088 1756 sqq.
1307 1717 1355 1747 De
1373 1719 1560 1757 poenitentia
1584 1742 1860 1749 ......
1907 1736 1948 1741 -
1973 1721 2034 1750 425
2058 1738 2100 1742 —

152 1756 201 1796 [P.
220 1756 254 1796 l.]
274 1756 323 1786 De
341 1757 476 1786 doctrina
496 1782 829 1790 .......
876 1777 918 1781 —
941 1762 1001 1790 376
1025 1780 1067 1783 —
1308 1760 1356 1790 De
1376 1761 1587 1790 satisfactione
1639 1785 1862 1792 .....
1908 1780 1951 1784 —
1974 1764 2034 1792 428
2058 1782 2100 1786 —

275 1799 324 1829 De
347 1804 473 1839 peccato
497 1800 622 1839 originis
659 1826 665 1831 .
713 1826 719 1832 .
822 1827 828 1832 .
877 1821 916 1825 —
942 1805 1002 1833 378
1027 1822 1067 1826 —-
1308 1803 1357 1833 lte
1381 1805 1521 1842 coniugio
1581 1828 1860 1835 ......
1908 1823 1945 1828 —-
1972 1808 2029 1835 431
2058 1824 2100 1829 —

275 1842 325 1872 De
359 1844 540 1872 remissione
572 1847 762 1882 peccatorum
798 1848 828 1874 et
1307 1846 1357 1876 De
1380 1847 1602 1876 confirmatione
1621 1850 1651 1875 et
1670 1847 1811 1876 unctione
1854 1873 1859 1878 .
1908 1865 1946 1871 —
1971 1851 2031 1878 435
2056 1858 2104 1888 sq.

316 1885 355 1915 de
378 1886 592 1915 iustificatione
605 1912 828 1918 ,,,,,
876 1907 917 1911 —
943 1891 1002 1919 380
1027 1908 1066 1912 —*
1306 1890 1355 1920 De
1379 1890 1599 1923 traditionibus,
1623 1890 1653 1918 id
1677 1893 1735 1923 est,
1756 1890 1862 1920 ritibus

274 1927 324 1958 De
347 1928 441 1957 libero
461 1930 582 1958 arbitrio
604 1955 827 1961 .....
876 1950 915 1953 —
941 1933 1002 1961 392
1027 1951 1066 1954 ——
1349 1934 1376 1962 in
1401 1933 1547 1962 Ecclesia
1575 1933 1724 1964 institutis
1754 1935 1862 1963 autori·

275 1970 325 2000 De
348 1981 425 2000 nova
448 1972 621 2001 obedientia
658 1998 664 2003 .
713 1998 718 2003 .
821 2000 826 2005 .
873 1992 914 1996 ——
941 1977 1001 2005 393
1026 1994 1067 1998 —
1347 1980 1409 2005 tate
1432 1976 1562 2005 humana
1582 2000 1859 2008 ......
1905 1995 1948 1999 —-
1971 1979 2031 2007 436
2051 1987 2121 2017 sqq.

317 2013 405 2048 Quae
425 2024 452 2052 (η
456 2025 515 2044 era
539 2015 676 2045 facienda
698 2016 759 2046 sint
822 2042 827 2047 .
875 2036 915 2040 --
942 2020 1002 2049 395
1025 2037 1066 2041 —
1308 2018 1356 2048 De
1376 2020 1436 2048 vita
1456 2019 1622 2048 monastica
1692 2044 1697 2049 .
1747 2044 1750 2049 .
1802 2045 1806 2050 .
1855 2046 1861 2051 .
1910 2039 1946 2043 -—
1973 2021 2034 2051 442
2058 2041 2099 2047 —

318 2056 479 2091 Quomodo
508 2068 582 2096 poss
567 2060 628 2088 <int
658 2059 719 2088 fieri
749 2060 829 2089 bona
1113 2046 1117 2085 i
1306 2061 1355 2091 De
1369 2063 1557 2091 invocatione
1571 2061 1722 2091 hominum
1735 2063 1862 2101 piorum,

361 2109 453 2138 opera
499 2125 828 2133 .......
876 2121 918 2126 —
942 2105 1002 2133 396
1026 2121 1068 2125 —
1113 2103 1116 2147 i
1349 2106 1398 2144 qui
1424 2115 1460 2134 ex
1484 2105 1541 2134 hac
1566 2106 1628 2134 vita
1652 2105 1865 2136 discesserunt
1909 2123 1949 2127 —
1973 2108 2033 2135 445
2057 2124 2099 2129 —

318 2139 480 2177 Quomodo
508 2142 626 2182 placeat
654 2155 730 2174 nova
757 2146 827 2175 obe·
1113 2150 1116 2190 ξ
1308 2147 1355 2177 De
1375 2150 1548 2187 magistratu
1568 2148 1691 2186 politico
1747 2174 1752 2179 .
1801 2174 1806 2179 .
1855 2175 1860 2180 .
1908 2166 1948 2171 —
1974 2151 2044 2178 451-
2059 2167 2100 2171 —

361 2185 474 2214 dientin
495 2211 828 2219 .......
875 2207 917 2210 ——
942 2191 1001 2218 398
1026 2206 1068 2210 —-
1113 2190 1302 2231 gAppendix
1366 2216 1860 2224 ..........
1909 2208 1949 2213 -—-
1974 2194 2045 2221 457.

317 2225 365 2255 De
388 2229 531 2266 ptaenliis
551 2254 829 2261 ......
876 2249 918 2254 -
943 2233 1002 2260 402
1028 2251 1067 2254 —
1113 2243 1116 2269 q
1140 2232 1347 2263 Melanthonis
1370 2235 1567 2273 praemonitio
1582 2259 1858 2265 ......
1906 2252 1945 2255 —
1971 2236 2030 2263 457
2055 2244 2102 2273 sq.

316 2269 366 2298 De
390 2271 564 2300 discrimine
586 2277 776 2311 peccatorum
825 2299 829 2304 .
878 2292 918 2296 ψ
943 2276 1003 2304 405
1027 2293 1069 2297 —
1113 2280 1117 2314 p
1140 2276 1271 2305 Nomina
1293 2288 1406 2312 eorum,
1421 2279 1473 2316 qui
1494 2278 1563 2306 huic
1576 2274 1772 2306 confessioni
1792 2278 1860 2307 sub-

153 2310 203 2351 [P.
214 2310 328 2351 11.]De
350 2312 494 2343 Ecclesia
551 2340 827 2347 ......
874 2334 917 2338 -—
941 2319 1001 2346 407
1028 2335 1068 2340 --
1113 2317 1116 2361 j
1183 2321 1368 2358 scripserunt
1416 2344 1859 2351 .........
1906 2339 1948 2343 —
1972 2323 2032 2350 458
2052 2330 2121 2360 sqq.

275 2355 324 2385 De
345 2358 541 2387 sacramentis
606 2383 828 2389 .....
876 2377 918 2382 —
942 2362 1001 2389 413
1028 2379 1067 2383 —
1113 2364 1116 2390 !
1142 2361 1205 2391 Sex
1229 2364 1342 2402 scripta
1366 2363 1574 2403 approhatoria
1593 2362 1761 2402 legatorum
1800 2390 1805 2395 .
1855 2387 1860 2393 .
1908 2383 1948 2387 —-
1973 2366 2031 2394 461
2059 2381 2097 2386 -—

352 2520 649 2555 CONFESSIONIS
673 2526 914 2558 SAXONICAE
936 2489 1129 2560 LATINAFbJ'
1149 2531 1569 2561 INTERPRETATIONES
1594 2530 1879 2561 GERMANICAE.

317 2596 536 2637 Prolegomena
558 2603 706 2641 specialia
728 2614 757 2642 p.
781 2607 960 2636 469—-480,
