2299 2921
174 104 239 135 343
824 103 1009 135 PHILIPPI
1034 101 1354 134 MELANTHONIS
1379 100 1539 132 OPERA.

176 200 345 237 Voigtio,
368 198 518 227 Davidi:

219 241 294 271 Cum
318 242 371 269 tibi
394 242 424 269 in
444 240 552 270 Salinis
575 250 654 278 speS.
690 240 745 276 IX,
770 242 842 270 901.

220 285 330 321 Magno
353 285 454 313 dolore
476 284 595 312 afficior.
629 282 685 318 IX,
710 284 780 313 824.

221 327 356 356 Nuncius
378 337 464 364 quem
485 327 629 356 miseram.
665 326 721 360 IX,
745 327 816 356 833.

222 371 322 398 Pietas
346 373 399 405 est,
419 369 495 397 affici
519 378 583 397 nos.
612 368 668 403 IX,
695 369 787 398 1033.

222 412 375 441 Silentium
400 416 531 442 nostrum
554 412 692 439 ostendit.
723 411 779 446 IX,
803 412 874 441 798.

224 456 318 483 Vocat
337 455 556 483 Illustrissimus
578 454 649 482 Dux
672 454 839 482 Borussiae.
875 453 931 489 IX,
955 455 1026 484 750.

180 498 354 535 Voigtio,
376 497 508 525 Ioanni
532 497 662 529 (Pastori
685 497 715 524 in
739 496 877 533 Biirgel):

222 539 369 577 Scriptum
393 545 451 568 est:
472 539 673 568 Generationi.
708 539 777 574 ΥΠ,
802 540 873 569 402.

223 583 322 611 Testis
343 586 387 611 est
405 583 481 611 filius
504 587 580 611 tuus.
614 582 681 617 ΥΠ,
706 583 778 612 547.

182 626 353 663 Voigtio,
376 625 510 653 Ioanni
533 624 662 661 (Pastori
687 626 716 652 in
739 625 851 661 Zeitz)=

223 668 320 697 Credo
343 669 486 705 equidem,
507 668 550 696 vir
573 668 757 702 venerabilis,
781 673 817 697 te.
847 667 900 703 IV,
924 667 998 697 916.

181 712 280 746 Voit,
303 711 495 748 Philippo:

223 752 298 788 Scis,
316 754 454 781 divinitus
475 758 638 790 utrumqne.
671 753 740 788 VII,
765 753 835 782 852.

180 796 391 830 Vollando,
415 796 535 833 Casp.:

223 839 301 866 Vere
324 839 418 876 elegia
440 844 493 873 est,
517 848 613 876 quam.
649 839 702 873 lv,
730 840 818 868 1070.

181 882 390 916 Volmario,
415 882 556 909 Melch.:

228 925 331 961 Τέττιξ
352 925 405 961 μὲν
426 926 531 962 τέττιγι
552 925 646 963 φίλος.
679 924 732 958 ΙΙΙ,
760 924 849 952 1214.

181 967 485 995 Vratislaviensi
503 966 673 995 Senatui:

224 1011 284 1040 OEm.
304 1009 448 1044 «bertlifeit
467 1010 534 1038 bant
553 1011 588 1042 id,
610 1010 708 1046 fleifiiq.
741 1009 777 1043 V,
803 1010 874 1038 717.

181 1138 407 1172 Waldstein,
431 1137 559 1165 Ioanni
583 1147 614 1164 a:

224 1180 389 1218 Utrumque
411 1181 559 1217 praedixit
580 1180 645 1217 ipsa
667 1180 733 1208 Dei.
764 1178 834 1213 VII,
859 1179 928 1207 812.

181 1223 412 1251 Walhausen
435 1231 458 1250 s.
479 1222 747 1256 Waldhausen,
771 1222 894 1249 Iusto:

224 1266 295 1294 Non
317 1265 411 1293 solum
435 1275 471 1293 ex
495 1265 686 1293 alumnorum.
722 1264 746 1299 I,
769 1265 859 1293 1016.

224 1307 289 1337 Scis
311 1318 357 1336 me
380 1309 416 1336 de
440 1308 552 1336 studiis.
588 1307 629 1341 ΙΙ,
654 1308 724 1336 650.

182 1351 377 1385 Warbeck,
404 1351 508 1379 Vito:

223 1393 294 1422 Non
318 1403 429 1428 vereor,
452 1394 560 1430 optime
583 1393 660 1426 Vite,
685 1401 730 1420 ne.
764 1391 787 1427 Ι,
809 1392 879 1422 781.

181 1436 370 1471 Wassero,
395 1437 552 1464 Adamo:

223 1478 342 1517 Semper
364 1479 501 1512 iudicavi,
525 1483 556 1506 ut
575 1478 665 1506 multi.
697 1477 764 1512 VII,
791 1479 862 1507 503.

180 1522 353 1557 Webero,
376 1521 523 1550 Ioanni:

223 1565 333 1593 Fontes
357 1573 461 1593 causae
485 1564 614 1601 Philippi
638 1564 873 1601 Regiomontani.
907 1562 946 1600 X,
973 1564 1042 1593 166.

223 1607 294 1636 Ideo
318 1608 395 1635 filius
418 1607 476 1636 Dei
499 1608 643 1636 assumsit.
679 1606 764 1641 VIII,
787 1607 857 1636 322.

180 1650 310 1685 Weda,
333 1650 472 1679 Ioanni
495 1648 634 1678 Comiti
657 1660 686 1678 a:

223 1694 361 1731 Magnam
380 1694 445 1731 cepi
469 1693 655 1730 voluptatem.
693 1692 748 1727 ΠΙ,
773 1693 844 1722 653.

181 1736 365 1774 Weigelio
386 1746 409 1765 s.
434 1736 603 1773 Vigelio,
628 1736 847 1764 Valentino:

223 1777 343 1808 Certum
367 1784 421 1812 est,
443 1778 540 1807 Deum
561 1788 618 1807 non
643 1788 715 1807 esse.
745 1778 813 1813 VII,
838 1779 908 1808 876.

180 1821 438 1856 Weinlaubio,
461 1821 607 1849 Ioanni:

223 1865 324 1900 Audio
347 1863 439 1893 scotti
460 1865 646 1902 stipendium.
678 1864 733 1899 ΠΙ,
762 1865 850 1892 1084.

224 1907 299 1936 Cum
322 1908 397 1935 inter
419 1912 558 1935 caeteras.
592 1907 630 1941 V,
655 1908 726 1936 917.

224 1950 279 1978 Est
301 1951 379 1988 apud
402 1959 453 1978 vos
472 1950 576 1978 mulier
599 1950 695 1978 vidua.
730 1949 787 1984 ΙΙΙ,
814 1950 904 1978 1092.

224 1993 288 2021 Etsi
313 1998 341 2021 et
363 2002 416 2021 vos
440 1998 467 2021 et
489 1993 572 2021 aiios.
607 1992 678 2027 VII,
703 1993 774 2021 691.

223 2036 288 2064 Etsi
311 2040 430 2073 propter
453 2036 642 2064 luxationem.
680 2035 732 2069 IV,
754 2035 824 2063 347.

223 2077 356 2106 Gratiam
381 2079 463 2107 vobis
486 2078 580 2106 habeo
604 2088 657 2116 pro
679 2082 827 2115 perpetuo.
857 2077 909 2114 VI,
935 2077 1005 2107 620.

224 2121 386 2150 Historiam
409 2126 570 2149 conventus
592 2121 761 2149 narrabunt.
794 2120 847 2156 lv,
871 2122 921 2149 98.

223 2164 290 2192 Hoc
313 2169 427 2201 tempus
448 2174 528 2192 arma
550 2164 657 2201 potius.
691 2164 744 2198 IV,
769 2164 839 2193 676.

222 2206 292 2235 Non
315 2208 451 2235 auderem
475 2208 562 2236 toties
585 2207 621 2235 ad
645 2207 716 2235 Vos.
750 2206 808 2240 ΙΙΙ,
833 2207 904 2236 925.

222 2249 292 2277 Non
316 2250 427 2284 dubito,
450 2251 519 2287 quin
542 2251 592 2277 ita.
626 2249 682 2284 III,
709 2250 799 2278 1070.

221 2291 292 2320 Non
316 2293 404 2321 hodie
428 2293 499 2320 mihi
522 2301 615 2321 sumo.
649 2291 733 2327 VIII,
758 2293 830 2329 ιξδΟ.

221 2334 327 2372 Nuper
350 2345 414 2363 cum
434 2344 564 2364 essemus
587 2344 654 2363 una.
689 2334 744 2369 ΠΙ,
770 2335 840 2363 843.

222 2377 284 2406 Oro
307 2378 399 2406 filium
419 2395 470 2406 —.
494 2378 569 2407 Cum
591 2383 698 2407 autem.
735 2376 818 2412 VIII,
845 2378 913 2407 133.

220 2418 289 2449 Scio
312 2431 371 2449 non
393 2425 510 2450 temere.
548 2421 585 2455 V,
611 2422 681 2450 677.

221 2462 289 2492 Scio
313 2463 377 2491 Vos
400 2464 429 2491 in
453 2464 517 2491 hoc.
549 2463 618 2498 VII,
642 2464 713 2492 565.

220 2505 340 2543 Semper
365 2516 416 2535 vos
439 2510 567 2544 propter.
601 2505 657 2540 III.
683 2507 754 2535 783.
780 2511 807 2534 et
830 2505 898 2542 VII,
923 2506 994 2535 663.

219 2548 261 2577 Ut
284 2549 416 2577 Ecclesia
438 2550 467 2577 111
486 2549 603 2578 mundo.
637 2548 693 2582 III,
722 2549 811 2578 1108.

1185 1538 1193 1915 1

1251 197 1346 225 Valde
1369 205 1421 225 vos
1444 206 1506 225 oro.
1540 196 1595 231 III,
1621 197 1691 226 871.

1252 240 1346 267 Video
1368 240 1398 267 in
1421 239 1467 267 his
1490 244 1660 277 temporum.
1695 239 1752 275 III,
1775 241 1846 269 617.

1210 282 1495 319 Weissenburg‚
1518 280 1687 310 Senatui:

1254 326 1287 354 OE.
1319 325 1352 353 Q,
1386 324 1477 361 miffen
1507 328 1558 354 (1118
1589 326 1754 361 ώτίῖΐῑίώειη
1784 325 1938 361 ffletstanb.

1297 365 1442 403 Qelssbcit.
1475 366 1557 402 VIII,
1583 369 1653 397 330.

1203 409 1380 444 vWelken,
1416 409 1641 438 Hermanno:

1253 451 1453 481 certissimum
1478 457 1521 480 est
1543 452 1601 480 Dei
1624 462 1721 490 opera.
1756 452 1813 487 IX,
1837 453 1909 481 437.

1211 495 1388 529 Wellero,
1412 495 1666 533 Hieronymo:

1256 537 1365 565 Audivi
1386 538 1449 574 ipse
1470 537 1698 566 illustrissimum
1717 538 1841 566 Ducem.
1876 537 1959 573 VIII,
1983 538 2053 567 682.

1256 579 1330 609 Cum
1354 589 1446 617 nuper
1469 581 1557 608 vestri
1579 582 1758 617 petivissent.
1795 580 1879 616 VIII,
1906 581 1976 610 161.

1256 622 1331 652 Cum
1355 623 1545 651 ostendissem
1568 628 1642 652 tuas.
1677 623 1762 658 VIII,
1787 624 1857 652 509.

1257 663 1331 693 Cum
1354 670 1474 703 propter
1497 665 1745 695 deliberationem.
1777 666 1862 701 VIII,
1886 666 1957 696 427.

1257 708 1304 736 De
1325 708 1425 735 charta
1448 708 1544 737 missa.
1578 708 1662 736 VIII.
1688 710 1758 738 219.

1256 751 1323 779 Deo
1346 750 1421 787 patri
1443 750 1605 779 liberatoris
1624 769 1675 786 —,
1704 752 1780 788 quod
1809 752 1961 780 tumultum
1983 752 2057 780 inter
2081 751 2192 780 Duces.

1299 793 1353 828 IV,
1377 793 1448 822 804.

1257 836 1297 864 Et
1319 845 1383 863 meo
1406 836 1503 863 animo
1526 837 1575 865 sic.
1612 836 1668 870 HI,
1691 837 1762 865 772.

1258 878 1323 906 Etsi
1346 878 1495 906 Ecclesiae
1515 887 1604 906 causa
1626 888 1722 915 quam.
1757 879 1813 914 III,
1839 881 1909 909 605.

1258 922 1323 949 Etsi
1346 921 1452 958 ubique
1475 921 1563 950 varia.
1600 921 1652 956 VI,
1678 922 1748 951 211.

1258 964 1402 992 Exhibuit
1423 964 1493 991 mihi
1515 964 1694 992 adolescens.
1727 964 1795 1000 VII,
1820 965 1890 994 613.

1259 1006 1343 1035 Fecit
1365 1006 1497 1034 officiose
1518 1012 1668 1043 cognatus.
1701 1007 1772 1042 VII,
1797 1009 1867 1037 713.

1261 1048 1386 1077 Gaudeo
1409 1058 1502 1077 meam
1526 1050 1577 1077 tibi
1600 1050 1789 1079 voluntatem.
1824 1050 1877 1085 VI,
1902 1051 1971 1080 263.

1259 1092 1346 1120 Hanc
1369 1091 1569 1119 Nanzianzeni
1593 1094 1774 1122 sententiam.
1807 1093 1860 1128 VI,
1884 1093 1955 1122 892.

1259 1135 1332 1162 Heri
1355 1144 1419 1162 cum
1443 1135 1566 1162 nuncius
1589 1135 1669 1163 mihi.
1700 1135 1756 1170 III,
1781 1137 1851 1165 783.

1259 1177 1391 1205 Necesse
1414 1181 1458 1204 est
1480 1178 1509 1204 in
1534 1178 1674 1206 docenda.
1708 1178 1776 1213 VH,
1801 1180 1872 1208 689.

1259 1219 1329 1247 Non
1353 1219 1452 1246 dubito
1474 1220 1562 1256 piam.
1598 1219 1681 1255 VIII,
1705 1221 1776 1250 727.

1259 1262 1345 1289 Plato
1368 1262 1403 1289 de
1426 1262 1589 1290 concordia.
1624 1262 1677 1297 VI,
1702 1262 1772 1292 217.

1260 1303 1328 1333 Scio
1352 1309 1380 1331 te
1403 1308 1431 1331 et
1453 1303 1658 1334 Reverendum
1681 1305 1720 1333 D.
1753 1304 1838 1340 VIII,
1864 1305 1933 1334 153.

1259 1346 1328 1376 Scio
1352 1355 1403 1375 vos
1426 1347 1557 1375 exerceri
1580 1357 1656 1376 cura.
1686 1347 1739 1382 VI,
1764 1349 1834 1377 304.

1259 1388 1390 1427 Semper,
1413 1390 1508 1426 inquit
1531 1389 1678 1419 Irenaeus.
1714 1391 1766 1426 VI,
1791 1391 1862 1419 828.

1258 1431 1385 1461 Senatus
1408 1432 1636 1470 Noribergensis
1657 1434 1692 1461 de
1714 1434 1866 1462 Mauricio.
1900 1432 1984 1468 VIII,
2009 1433 2080 1463 525.

1258 1476 1372 1504 Tantus
1394 1475 1478 1503 dolor
1500 1485 1534 1503 ac
1556 1476 1661 1505 luctus.
1695 1476 1751 1511 III,
1777 1477 1846 1505 607.

1216 1519 1397 1552 Weuden,
1420 1517 1559 1547 Simoni
1582 1529 1612 1547 a:

1260 1563 1332 1591 OEuet
1350 1562 1592 1598 Ritmenotonung
1616 1561 1702 1594 baben
1721 1563 1780 1591 mit.
1810 1560 1866 1597 III,
1892 1562 1962 1590 603.

1215 1604 1389 1639 Werden,
1414 1603 1546 1632 Ioanni
1568 1614 1603 1632 a:

1259 1647 1324 1676 Etsi
1346 1647 1376 1675 in
1399 1647 1496 1674 tantis.
1527 1647 1564 1682 V,
1591 1648 1660 1676 194.

1216 1690 1411 1725 Wernero,
1434 1688 1617 1726 Georgio:

1259 1734 1360 1761 Mense
1382 1731 1543 1760 Februario
1561 1733 1734 1769 accepimus.
1770 1731 1825 1767 111,
1846 1732 1917 1761 487.

1259 1775 1353 1812 Saepe
1373 1775 1443 1803 mihi
1467 1776 1578 1813 cupide.
1613 1774 1668 1810 ΠΙ,
1692 1775 1762 1804 233.

1215 1819 1438 1847 Wernhero:

1258 1861 1329 1890 Non
1351 1861 1448 1897 longis
1469 1860 1638 1888 intervallis.
1673 1860 1757 1894 VIII,
1778 1860 1848 1888 924.

1259 1904 1326 1932 Scio
1349 1909 1377 1930 te
1401 1904 1493 1931 virum
1517 1904 1699 1940 prudentem.
1735 1902 1820 1938 VIII,
1850 1904 1917 1931 111.

1214 1946 1448 1975 Wesaliensi
1472 1945 1641 1974 Senatui:

1259 1990 1317 2025 ⁵2qu
1336 1990 1367 2018 (E.
1387 1989 1435 2019 QB.
1456 1989 1606 2024 &ebretbcn
1625 1989 1782 2026 belangeub.
1814 1988 1851 2023 V,
1875 1988 1945 2017 364.

1258 2031 1469 2061 Francofordia
1491 2036 1519 2059 et
1543 2032 1718 2069 Argentina.
1752 2030 1836 2065 VIII,
1862 2030 1933 2059 908.

1258 2075 1329 2104 Non
1352 2075 1452 2103 dubito
1476 2084 1527 2102 vos
1546 2084 1610 2111 pro.
1641 2075 1694 2109 IV,
1721 2074 1812 2103 1062.

1258 2117 1372 2146 Scimus
1394 2117 1557 2146 Ecclesiam
1581 2116 1639 2144 Dei
1661 2117 1778 2154 gestari.
1811 2115 1868 2151 IX,
1895 2116 1964 2145 161.

1214 2161 1473 2197 Wesselingo,
1497 2160 1681 2188 Andreaet

1259 2203 1467 2232 Circumvallat
1489 2203 1610 2239 angelus
1629 2202 1758 2231 Domini.
1794 2201 1879 2236 VIII,
1906 2201 1975 2230 110.

1215 2246 1462 2283 Widenkopf,
1486 2245 1617 2273 Ionae:

1258 2289 1384 2317 Numeri
1406 2293 1473 2317 sunt
1494 2288 1591 2326 graeci
1614 2292 1728 2325 poetae.
1762 2286 1848 2322 VIII,
1873 2286 1945 2316 473.

1214 2332 1415 2369 Wigando,
1438 2331 1627 2368 Apollini:

1258 2373 1324 2410 Quo
1349 2383 1404 2402 nos
1426 2374 1487 2402 fata
1509 2373 1634 2401 trahent.
1664 2372 1716 2408 VI,
1741 2372 1812 2401 578.

1214 2417 1417 2455 wigando,
1441 2417 1591 2445 Iacobo:

1258 2459 1289 2489 Si
1313 2464 1396 2498 potes
1418 2460 1514 2488 locum
1537 2459 1669 2487 docendi.
1708 2457 1764 2493 IX,
1789 2457 1860 2487 816.

1215 2503 1375 2537 Wildio,
1399 2501 1609 2540 Stephano:

1258 2545 1332 2575 Cum
1359 2555 1395 2573 ex
1419 2550 1572 2573 conventu.
1603 2543 1657 2579 IV,
1683 2543 1732 2572 96.

1984 325 2036 361 Βαῇ
2067 326 2190 362 gbttlicbe
