2299 2921
155 77 218 111 331

199 173 303 203 Nostri
327 172 460 201 canonici
482 173 567 202 diem.
602 172 626 207 Ι,
651 173 722 202 730.

198 217 303 245 Nostri
326 217 356 244 in
379 216 503 253 collegio
526 216 706 244 abdicarunt.
741 215 765 249 Ι,
791 215 862 244 663.

197 259 302 288 Nostri
324 257 524 298 πραγμάτικοι
547 259 710 287 observant.
749 258 788 293 ΙΙ,
813 259 883 287 804.

197 302 282 331 Nulli
304 302 426 339 perinde
444 302 499 330 fuit
521 301 713 329 incommoda.
745 300 770 336 Ι,
795 300 867 330 996.

197 345 301 383 Nuper
324 345 470 382 pollicitus
488 354 551 373 sum
575 344 612 372 D.
635 343 752 372 Iacobo.
787 342 826 378 ΙΙ,
850 343 921 373 615.

199 387 429 425 Obsignaveram
451 388 510 415 iam
533 387 663 416 alteram.
698 386 722 422 Ι,
748 386 819 415 732.

199 430 337 468 Optimus
361 430 439 458 Max.
464 430 545 457 Deus
568 434 663 457 servet
685 429 769 457 nobis
791 428 838 457 Ill.
860 429 908 457 Pr.
945 428 968 464 Ι,
993 427 1064 458 281.

198 474 300 502 Placet
323 473 476 501 consilium
499 478 579 500 tuum
602 473 647 499 de.
681 471 705 510 I,
730 473 800 500 731.

197 516 289 545 Plane
312 516 475 544 deridemur
499 516 534 543 ab
557 515 602 544 iis.
638 514 676 549 V,
700 516 772 544 336.

197 559 391 588 Pomeranum
414 559 451 586 ad
474 567 505 586 se
529 562 641 585 vocant.
677 557 700 592 Ι,
725 558 795 586 673.

197 603 391 630 Pomeranum
415 601 524 629 dimisit
547 599 680 629 Senatus.
714 600 737 635 Ι,
762 600 832 630 676.

197 645 359 682 Postquam
381 644 468 673 hodie
490 644 679 681 scripsissem.
713 643 738 678 Ι,
762 643 812 673 45.

196 688 359 724 Postquam
383 686 517 716 Socrates
539 686 716 715 interfectus.
750 685 807 722 III,
827 686 898 716 822.

197 731 387 768 Praepositus
409 734 509 758 noster
532 730 692 758 discedens.
722 728 747 762 I,
772 730 844 759 491.

197 774 381 802 Praesidium
404 782 509 801 meum.
545 772 603 800 Per
624 773 742 810 gratias.
772 772 797 807 I,
822 773 871 802 51.

196 816 328 845 Primum
351 826 454 853 precor
477 826 513 844 ex
536 816 642 844 animo.
677 815 715 850 V,
739 816 811 845 481.

196 860 336 887 Proxime
357 859 393 887 ad
416 864 445 887 te
468 864 496 886 et
518 859 556 886 ad
577 858 738 886 Tilonium.
767 858 791 893 Ι,
817 859 888 887 364.

197 903 338 931 Proxime
363 912 428 930 cum
451 902 617 930 offerentur.
650 901 691 936 ΙΙ,
715 902 786 931 555.

197 944 283 981 Quae
304 946 341 973 de
363 945 546 973 sermonibus
569 944 749 981 quibusdam.
784 944 808 980 Ι,
834 944 905 974 696.

197 987 374 1026 Quanquam
395 989 514 1016 istarum
537 997 643 1017 rerum.
678 987 719 1023 Π,
742 989 770 1017 9.

197 1031 279 1067 Quas
302 1032 376 1069 petis
398 1031 499 1059 literas
521 1031 557 1058 de
578 1030 707 1059 Noricis.
739 1029 765 1063 I,
791 1030 861 1060 605.

197 1074 257 1110 Qui
280 1084 325 1102 me
348 1083 433 1103 casus
454 1074 500 1102 ad.
534 1073 558 1109 Ι,
584 1074 654 1103 606.

197 1117 264 1153 Quo
287 1117 410 1145 consilio
430 1127 560 1145 uxorem.
594 1116 619 1151 Ι,
645 1116 715 1146 266.

197 1160 264 1196 Quo
284 1161 379 1188 minus
401 1161 430 1188 in
452 1166 592 1198 tempore.
627 1159 651 1194 Ι,
675 1160 742 1189 103.

198 1202 383 1240 Quocunque
406 1208 482 1238 sunt,
505 1203 554 1240 qui
575 1212 630 1230 me.
665 1201 689 1237 Ι,
715 1202 784 1231 262.

198 1246 286 1282 Quod
308 1247 343 1274 de
367 1256 412 1274 me
434 1246 479 1274 ab.
515 1245 540 1281 I,
565 1245 634 1274 206.

198 1287 286 1324 Quod
308 1289 432 1317 faustum
456 1288 585 1326 felixque
607 1288 658 1316 sit!
687 1287 761 1316 Heri
780 1287 875 1316 Ionas.
907 1288 933 1325 Ι,
954 1290 1025 1320 390.

199 1331 286 1366 Quod
308 1332 521 1369 inspiciendum
544 1331 614 1359 mihi
639 1331 751 1359 dedisti.
778 1331 834 1367 ΙΙΙ,
859 1331 931 1361 844.

199 1375 286 1411 Quod
309 1375 402 1403 rarius
424 1375 520 1403 scribo
544 1375 606 1402 hoc.
640 1373 664 1409 Ι,
689 1374 760 1403 455.

198 1418 334 1447 Reditum
358 1418 410 1446 tibi
432 1417 555 1446 felicem.
590 1417 614 1452 Ι,
639 1417 689 1446 49.

198 1461 358 1495 Rescisses,
379 1461 418 1488 nii
441 1460 501 1498 Sp„
525 1461 645 1497 primus.
681 1459 705 1493 Ι,
728 1461 799 1491 577.

198 1503 344 1533 Sacerdos
367 1504 414 1531 hic
436 1504 554 1532 invidia.
590 1503 614 1537 Ι,
640 1503 710 1532 360.

198 1545 293 1585 Saepe
317 1547 466 1575 Ecclesiae
489 1551 630 1584 tempora.
661 1545 697 1580 V,
721 1547 792 1575 319.

196 1589 278 1619 Salvi
300 1599 439 1623 essemus,
462 1591 501 1617 mi
520 1588 683 1626 Spalatine,
707 1589 740 1617 si.
765 1589 789 1624 Ι,
813 1590 884 1620 539.

197 1632 277 1662 Satis
299 1633 480 1670 frequentem
504 1632 641 1660 scholam.
676 1631 699 1667 I,
725 1633 795 1662 604.

198 1675 267 1705 Scio
291 1677 369 1704 hunc
390 1676 574 1704 tabellarium
595 1675 656 1703 tibi.
689 1674 729 1711 ΙΙ,
754 1676 825 1705 694.

198 1718 266 1748 Scio
289 1723 317 1747 te
340 1720 432 1747 virum
455 1719 607 1757 optimum.
641 1717 696 1753 ΙΠ,
722 1719 792 1748 564.

198 1761 263 1791 Scis
282 1763 355 1790 haec
376 1767 517 1799 tempora.
552 1762 605 1796 IV,
630 1762 701 1790 850.

197 1804 272 1840 Scis,
296 1815 381 1842 quam
406 1805 496 1833 varie.
527 1804 552 1839 Ι,
577 1805 648 1833 625.

199 1847 265 1876 Scis
286 1849 381 1876 solere
403 1848 510 1876 omnia.
546 1847 570 1881 I,
595 1848 667 1876 541.

198 1890 308 1929 Scripsi
330 1891 383 1919 tibi
400 1900 492 1928 nuper
514 1899 594 1918 sane.
629 1890 670 1925 ΙΙ,
695 1890 766 1919 872.

198 1933 231 1962 Si
252 1934 463 1971 frequentiores
484 1933 664 1961 haberemus.
697 1932 721 1967 Ι,
749 1934 820 1962 854.

198 1975 230 2005 Si
252 1981 330 2005 recte
353 1977 499 2014 descripta
522 1980 565 2004 est
588 1974 614 2013 ἦ
650 1976 674 2010 Ι,
700 1976 790 2004 1018.

198 2019 396 2057 Stagmannus
418 2019 530 2056 accepit
553 2029 571 2046 a
592 2019 702 2047 nescio.
736 2019 760 2054 Ι,
785 2019 856 2049 568.

198 2063 273 2092 Tam
296 2063 397 2098 effuse,
421 2067 480 2090 tam
503 2062 712 2099 prodigialiter.
747 2061 771 2098 Ι,
796 2063 867 2092 451.

198 2106 329 2135 Tametsi
352 2106 420 2134 novi
441 2105 524 2133 nihil.
559 2105 583 2140 Ι,
607 2106 678 2134 880.

198 2149 295 2177 Tanta
317 2158 380 2177 sum
404 2149 481 2177 mole
506 2149 737 2185 occupationum.
776 2147 832 2184 III,
857 2148 929 2178 951.

198 2192 379 2220 Transmitto
403 2192 456 2220 tibi
478 2192 592 2220 librum.
627 2191 651 2226 Ι,
679 2192 747 2221 107.

199 2235 410 2263 Tristissimam
433 2244 493 2262 rem
517 2236 650 2262 nuncias.
684 2234 708 2269 Ι,
734 2235 804 2263 563.

199 2278 279 2306 Tuas
302 2278 402 2306 literas
425 2278 592 2315 acca-pimus
617 2279 652 2305 de
672 2283 749 2306 nata.
785 2277 826 2313 ΙΙ,
851 2276 922 2306 565.

199 2321 281 2349 Tua-s
303 2321 412 2355 literas,
436 2329 510 2357 quas
532 2321 569 2348 ad
592 2330 649 2349 me.
683 2320 707 2355 I,
734 2321 826 2350 1016.

199 2363 242 2392 Ut
260 2364 474 2393 illustrissimus
498 2364 633 2401 princeps
655 2369 762 2391 noster.
795 2363 821 2398 I,
846 2362 916 2392 267.

199 2406 242 2435 Ut
264 2407 346 2435 salva
369 2407 427 2434 sint
450 2407 547 2435 omnia
569 2406 616 2434 Ill.
640 2405 780 2444 Principi.
813 2406 837 2442 Ι,
860 2406 929 2435 118.

200 2450 296 2477 Valde
319 2450 462 2477 afficimur
486 2449 659 2479 calamitate.
694 2448 734 2484 ΙΙ,
761 2449 832 2480 616.

201 2492 397 2520 Vehementer
417 2497 525 2527 metuo,
549 2502 585 2520 nc
608 2493 686 2530 quid.
719 2491 743 2526 Ι,
766 2493 836 2522 514.

201 2535 289 2563 Venit
311 2535 367 2563 huc
389 2534 500 2564 Simon.
536 2536 571 2570 V,
597 2536 667 2564 346.

887 73 1072 107 PfflLlPPI
1100 73 1416 107 MELANTHONIS
1443 74 1602 107 OPERA.

1159 167 1164 209 Ι
1231 169 1343 198 Vereor
1366 179 1403 198 ne
1424 180 1483 199 non
1507 172 1551 200 sit.
1585 171 1609 207 Ι,
1634 172 1683 202 80.

1231 213 1399 242 Versiculos
1421 221 1537 243 nostros
1560 215 1621 243 tibi.
1651 215 1707 249 ΙΙΙ,
1732 216 1782 245 88.

1230 255 1324 283 Vetus
1347 262 1389 284 est
1412 257 1533 285 dictum:
1558 257 1722 287 Gaudeant.
1759 258 1798 293 ΙΙ,
1822 259 1892 288 598.

1230 297 1322 327 Vides
1344 299 1402 326 mei
1425 300 1540 328 consilii
1562 310 1713 331 summam.
1749 301 1773 337 Ι,
1797 301 1869 331 207.

1230 340 1290 369 Vix
1311 345 1408 378 potest
1429 342 1541 380 integra
1562 345 1749 374 conscientia.
1780 343 1804 379 I,
1827 345 1896 374 694.

1187 382 1377 421 Spalatini
1399 385 1546 421 viduae,
1569 386 1810 416 Catharinaez

1231 426 1278 456 61)
1297 430 1326 456 οδ
1345 427 1446 457 &once
1465 431 1602 466 gnabiger.
1631 430 1668 465 V,
1693 431 1764 460 666.

1159 467 1387 508 {Spalatini
1410 472 1625 508 nepotibus:

1230 512 1313 540 Bene
1334 512 1452 549 fecistis,
1474 516 1552 552 quod
1574 516 1759 545 avunculum.
1789 514 1830 551 Χ,
1854 517 1903 545 45.

1188 553 1515 593 spangenbergio,
1538 556 1709 596 Cyriaco:

1230 597 1303 627 Rev.
1328 599 1430 633 virum,
1453 601 1623 637 eruditione,
1647 603 1764 639 pietate.
1794 601 1862 638 VII,
1887 603 1957 632 644.

1187 639 1509 679 Spangenbergio,
1533 643 1683 673 Ioanni:

1230 683 1327 712 Doleo
1350 690 1484 713 exortum
1507 695 1580 714 esse.
1613 687 1653 723 ΙΙ,
1678 689 1748 718 693.

1229 725 1289 754 Hic
1312 726 1506 765 Wolsgangus
1527 728 1620 759 Falla.
1654 731 1691 764 V,
1717 732 1787 760 333.

1230 769 1339 806 Magna
1362 771 1525 799 consolatio
1548 773 1615 809 piis.
1650 773 1719 807 VII,
1745 775 1817 802 335.

1229 812 1389 840 Meministi
1413 814 1653 850 consolationem,
1677 826 1759 853 quae.
1792 815 1862 851 VII,
1886 817 1958 846 313.

1231 855 1316 883 Mitto
1340 855 1391 883 tibi
1415 857 1577 893 epistolam.
1608 858 1645 893 V,
1670 859 1740 888 224.

1230 896 1263 926 Si
1280 897 1452 927 Leonardus
1476 908 1578 938 vesper
1600 907 1793 938 expectasset.
1827 901 1867 938 X,
1891 903 1941 931 45.

1188 938 1500 979 spangenbergio
1525 947 1558 970 et
1581 944 1756 982 collegis:

1231 982 1365 1021 Optarim
1388 985 1425 1013 ad
1448 994 1511 1015 nos.
1547 986 1617 1022 VII,
1643 988 1714 1017 309.

1231 1025 1304 1055 Orat
1326 1027 1403 1056 filius
1425 1027 1484 1056 Dei
1501 1029 1532 1057 in
1554 1038 1657 1066 agone.
1692 1030 1763 1070 VII,
1789 1031 1860 1060 314.

1187 1067 1411 1107 Speuglero,
1434 1070 1592 1100 Lazaro:

1229 1112 1288 1140 Hic
1309 1113 1395 1141 Vitus
1420 1120 1463 1141 est
1487 1123 1581 1151 quem.
1613 1114 1637 1151 Ι,
1663 1117 1734 1145 901.

1228 1155 1395 1183 Ioachimus
1419 1156 1604 1186 Camerarius
1627 1159 1744 1195 scripsit
1768 1159 1849 1188 mihi.
1885 1158 1909 1194 Ῑ,
1934 1159 2005 1188 921.

1230 1199 1368 1235 Magnam
1391 1208 1425 1226 ac
1446 1201 1652 1229 necessariam.
1687 1201 1711 1236 Ι,
1738 1202 1829 1230 1069.

1231 1240 1318 1276 Quod
1340 1242 1484 1269 interdum
1506 1243 1588 1271 vobis
1612 1252 1724 1273 causas
1759 1243 1800 1278 H,
1824 1245 1895 1273 717.

1231 1283 1301 1311 Vidi
1320 1283 1420 1312 literas
1445 1290 1555 1314 vestras
1579 1286 1615 1313 de
1638 1286 1776 1315 Doctore.
1810 1286 1851 1322 Π,
1876 1287 1947 1316 684.

1188 1325 1373 1365 Spigelio:

1231 1370 1388 1397 Audivisse
1411 1374 1439 1397 te
1461 1370 1585 1399 arbitror
1608 1371 1812 1400 Philoxenum.
1846 1371 1898 1406 VI,
1920 1371 1990 1401 669.

1188 1411 1360 1447 Stadion,
1385 1411 1669 1451 Christophoro
1693 1425 1726 1443 a:

1232 1455 1324 1484 Multo
1347 1460 1414 1482 ante
1436 1456 1570 1485 intellexi
1592 1463 1628 1486 te.
1663 1457 1702 1493 ΙΙ,
1726 1458 1796 1487 273.

1188 1497 1417 1535 Stalbergi0‚
1440 1497 1736 1537 Christophoro:

1231 1541 1344 1569 Bonam
1365 1551 1485 1578 operam
1508 1544 1632 1572 navavit.
1667 1543 1690 1579 Ι,
1715 1544 1785 1573 836.

1188 1583 1389 1622 Staphylo,
1414 1584 1630 1614 Friderico:

1231 1628 1342 1665 Accepi
1363 1632 1444 1654 tuum
1468 1629 1615 1666 scriptum.
1650 1628 1719 1664 VII,
1745 1629 1815 1657 721.

1231 1671 1366 1699 Andreas
1389 1671 1446 1698 tuis
1468 1672 1633 1708 praecipue.
1668 1671 1722 1707 VI,
1747 1671 1817 1700 245.

1230 1714 1329 1741 Audio
1352 1713 1561 1750 Imperatorem
1585 1714 1732 1743 Carolum.
1766 1713 1835 1749 VII,
1861 1714 1931 1743 560.

1231 1757 1393 1784 Meministi
1415 1757 1576 1784 sentcntiae
1595 1757 1736 1786 Platonis.
1767 1757 1821 1791 VI,
1846 1758 1917 1786 639.

1231 1800 1342 1827 Multae
1365 1803 1432 1827 sunt
1455 1808 1569 1827 causae.
1601 1800 1652 1836 VI,
1677 1802 1748 1829 469.

1231 1842 1330 1870 Paene
1353 1842 1460 1870 oblitus
1484 1852 1572 1871 eram.
1609 1843 1645 1877 V,
1668 1844 1740 1872 916.

1231 1884 1341 1922 Scripsi
1362 1894 1463 1913 recens
1486 1885 1522 1913 de
1542 1886 1607 1914 tuis.
1641 1885 1709 1921 VII,
1737 1886 1827 1915 1113.

1231 1928 1298 1957 Tuo
1321 1928 1422 1963 adfini,
1445 1928 1487 1957 Io.
1512 1929 1680 1958 Aurifabro.
1716 1928 1783 1964 VH,
1809 1928 1880 1958 657.

1232 1970 1327 1999 Valde
1349 1976 1377 1998 te
1401 1980 1452 1999 oro
1477 1971 1512 1998 de
1535 1973 1663 2009 negotio.
1699 1971 1767 2007 VII,
1791 1972 1862 2001 549.

1190 2011 1438 2049 Stathmioni,
1462 2012 1758 2053 Christophoro:

1232 2057 1401 2094 Antiquitas
1425 2057 1541 2094 scripsit
1559 2056 1707 2086 Orionem.
1739 2056 1825 2092 VIII,
1851 2056 1921 2086 226.

1232 2100 1322 2137 Apud
1343 2099 1506 2128 Homerum
1528 2100 1705 2129 fortissimus
1729 2100 1862 2129 bellator.
1893 2098 1950 2135 IX,
1974 2099 2046 2127 783.

1234 2141 1309 2171 Cum
1333 2141 1532 2171 Cancellarius
1556 2144 1739 2181 Mingvicius.
1773 2142 1859 2175 VIII,
1883 2142 1955 2172 280.

1233 2186 1379 2214 Delectati
1403 2195 1502 2214 sumus
1524 2186 1651 2214 lectione
1669 2187 1779 2224 scripti.
1815 2185 1900 2220 VIII,
1925 2184 1996 2214 216.

1233 2228 1298 2257 Deo
1322 2246 1361 2249 —
1385 2230 1494 2266 gratias
1516 2239 1582 2266 ago,
1606 2230 1684 2266 quod
1706 2231 1736 2257 in
1759 2229 1813 2256 hac
1836 2228 1893 2256 lue.
1928 2226 1985 2263 IX,
2012 2227 2103 2257 1081.

1234 2272 1298 2300 Etsi
1322 2272 1526 2310 benevolentia
1547 2278 1597 2300 tua
1620 2273 1758 2300 delector.
1793 2270 1876 2306 VIII,
1901 2270 1973 2300 672.

1234 2315 1297 2343 Etsi
1319 2324 1405 2352 spero
1428 2315 1540 2352 aliquos
1561 2315 1637 2343 istic.
1667 2314 1736 2350 VII,
1762 2315 1852 2344 1100.

1233 2358 1298 2386 Etsi
1320 2362 1371 2385 tua
1393 2367 1490 2393 causa,
1513 2362 1550 2386 et.
1583 2357 1651 2394 VH,
1676 2358 1747 2387 682.
1782 2367 1788 2376 ¹

1234 2401 1299 2429 Etsi
1322 2401 1428 2429 vicinia
1451 2406 1545 2429 vestra
1567 2410 1626 2429 non
1649 2406 1701 2430 est.
1736 2399 1820 2434 VIII,
1845 2400 1894 2428 92.

1234 2444 1393 2472 Meministi
1415 2444 1640 2481 disputationem
1663 2444 1748 2481 apud.
1784 2442 1869 2478 VIII,
1889 2442 1960 2471 790.

1233 2486 1345 2514 Multae
1367 2487 1443 2514 enim
1465 2492 1532 2514 sunt
1554 2496 1659 2515 causae
1679 2486 1869 2515 horribilium.
1904 2484 1988 2520 VIII,
2014 2484 2084 2514 183.

1234 2528 1302 2558 Scio
1325 2530 1378 2558 hos
1400 2536 1467 2558 tuos
1491 2531 1576 2558 cives.
1607 2529 1675 2565 VII,
1700 2531 1770 2559 794.

2103 75 2168 109 332
