2299 2921
135 104 204 136 ’119

795 106 981 138 PH1L1PP1
1004 107 1326 140 MELANTHONlS
1350 106 1510 139 OPERA.
2090 116 2154 147 120

137 199 219 238 Sept.
248 199 297 229 29.
320 200 388 230 Mel
414 201 562 238 praefatur
583 202 613 228 in
635 201 718 229 Tom.
742 201 793 231 IV.
819 211 938 249 operum
960 200 1081 229 Lutheri
1104 201 1275 238 latinorum,
1299 213 1384 241 quem
1408 204 1487 233 dicat
1509 204 1614 234 Ioanni
1637 206 1797 243 Friderico,
1820 207 1896 237 Duci
1919 207 1986 238 Sax.
2008 209 2055 239 El.

137 241 205 273 Oct.

273 244 300 271 3

256 287 303 314 17

325 241 432 272 Scribit
455 245 490 271 de
514 243 645 272 Stancari
668 244 865 272 controveisia
889 253 952 271 cum
976 244 1117 272 Musculo.

328 285 354 314 O
364 287 468 314 siand
477 296 512 314 er
534 286 662 314 moritur.

137 327 218 357 Nov.
232 329 308 357 3-9.
332 328 401 356 Mel.
424 334 467 356 est
489 329 674 365 Vstebaegae,
698 333 729 356 ut
752 328 857 356 librum
880 329 916 356 de
934 329 1032 356 anima
1053 329 1195 358 absolvat.

141 539 215 570 Dec.

136 1007 199 1038 Ian.

136 1306 221 1336 Febr.

136 1479 221 1507 Mart.

137 1777 230 1815 April.

138 1948 207 1977 Mai.

138 2247 203 2275 Iun.

138 2289 193 2319 Iul.

140 2504 217 2541 Aug.

258 372 305 399 10.

258 415 305 442 13.

258 457 305 484 19.

253 499 302 527 25.

261 543 309 569 11.

252 584 300 611 15.

259 627 306 655 17.

257 667 306 697 21.

258 711 308 740 25.

252 1265 301 1293 25.

256 1309 304 1336 19.

253 1392 301 1421 24.

253 1480 266 1506 1
273 1479 300 1507 3.

293 1543 299 1549 .
322 1521 414 1549 Mittit
436 1523 583 1550 oration
594 1532 644 1550 em
668 1524 708 1550 de
731 1524 866 1561 Mysia,
890 1533 977 1561 quam
1000 1525 1200 1562 typographus
1223 1525 1405 1554 deformavit.

275 2546 302 2575 5.

275 2333 301 2531 »autc->¹0³

328 370 418 398 Redit
440 371 626 407 Torgaviam.

329 413 435 441 Denuo
459 413 593 440 emendat
611 413 691 441 locos
715 413 801 441 theol.
826 414 1017 450 germanicos.

328 456 434 483 Tradit
456 456 486 482 in
509 456 610 483 schola
633 456 795 484 doctrinam
819 457 854 484 de
879 457 1047 491 mediatore,
1071 464 1190 495 propter
1213 457 1396 488 Stancarum.

326 498 416 525 Mittit
439 498 546 526 librum
569 499 605 525 de
628 499 825 526 controversia
849 498 994 527 Osiandri.

333 540 537 575 Culmannum
562 540 700 568 Osiandri
723 542 876 589 opiniones
900 547 1084 579 spargentem
1110 542 1321 581 N01·inbergae‚
1341 546 1485 574 admonet.

324 583 391 611 Mel.
413 584 487 611 redit
499 563 547 611 Vi
541 584 695 620 eber-gam,
719 584 769 612 sed
793 585 979 612 ciusfamilia
1001 590 1100 613 manet
1111 586 1277 623 Torgaviae
1299 593 1418 625 propter
1429 588 1648 626 Magdalenam,
1671 590 1791 620 Peuceri
1815 602 1947 629 uxorem,
1968 603 2150 632 puerperam.

332 626 512 654 Melanthoni
533 626 663 654 adf·ertui
686 627 759 654 liber
781 627 895 655 Abdiae
918 628 953 655 de
976 629 1034 655 vita
1057 630 1275 666 Apostolorum.

330 667 546 704 Camarina,
568 669 690 697 Lutheri
714 670 860 706 quondam
885 680 970 705 uxor,
989 671 1128 708 sepelitur
1150 672 1323 709 Torgawiae.

332 710 455 748 Pagella
477 691 643 740 academica
666 713 804 741 adversus
823 711 1005 741 Stancarum.

326 754 496 782 Melanthon
519 755 619 783 scribit
642 755 837 783 historiam
862 756 1087 791 Eberhardi,
1112 756 1227 786 Ducis
1251 756 1444 787 Wiirtemb.

325 796 393 825 Mel.
411 797 468 825 hoc
489 806 567 826 anno
578 798 674 834 coepit
692 798 818 826 scribere
835 798 950 826 brevem
969 800 1165 828 narrationem
1188 810 1287 828 earum
1304 810 1410 835 rerum,
1432 811 1506 838 quac
1518 802 1620 837 quovis
1637 812 1715 831 anno
1729 805 1895 833 acciderunt
1914 806 1957 834 vel
1974 812 2056 845 gesta
2073 812 2151 836 sunt.

983 925 1140 956 ANNO
1182 926 1309 959 1553.

298 1031 304 1038 .
325 1008 512 1046 Principibus
534 1009 766 1048 Hennebergicis
788 1011 865 1039 dicat
887 1011 971 1041 Tom
1006 1011 1058 1040 VI.
1081 1021 1200 1049 operum
1222 1012 1345 1041 Lutheri
1362 1014 1602 1051 germanicorum.

326 1051 479 1080 Praefatur
501 1053 537 1080 ad
558 1053 613 1081 Th.
637 1051 827 1081 Cranmerum
851 1055 881 1082 in
902 1050 995 1082 Alesli
1019 1055 1229 1092 disputationes
1248 1057 1284 1084 de
1307 1057 1390 1093 epist.
1414 1057 1498 1085 Pauli
1522 1059 1558 1086 ad
1583 1058 1750 1088 Romanos.

297 1119 302 1123 .
328 1093 433 1122 Sc1ibit
457 1096 618 1124 orationem
642 1096 677 1124 de
704 1097 797 1134 Μ)31α
819 1097 854 1124 ab
881 1097 1048 1126 Hummelio
1071 1099 1258 1127 recitandam.

210 1154 251 1158 —
283 1138 304 1165 J·

190 1137 206 1165 ⁵
255 1139 302 1208 ἐξ.

328 1136 447 1174 Lipsiae
467 1143 509 1166 est
531 1139 560 1165 in
584 1139 730 1167 nundinis.

327 1180 476 1209 Ioachimo
495 1181 603 1209 March.
629 1181 756 1210 Electori
785 1182 884 1210 scribit
913 1183 949 1210 de
977 1186 1176 1211 controversia
1197 1182 1338 1212 Stancari.
1364 1200 1404 1204 -
1428 1184 1461 1212 In
1485 1185 1618 1214 manibus
1647 1186 1734 1214 habet
1763 1187 1900 1224 scriptum
1930 1188 2075 1225 prolixum
2098 1190 2148 1218 ad-

362 1232 462 1251 versus
486 1222 666 1258 Stancarmn,
689 1225 764 1273 quod
788 1234 886 1252 mense
910 1225 995 1253 Iunio
1018 1226 1044 1253 h.
1067 1235 1092 1253 a
1117 1226 1250 1254 absolvit.

326 1256 490 1294 Culmanno
513 1265 744 1303 Norinbergtnsi
768 1268 967 1296 concionatori
991 1268 1094 1296 iterum
1118 1269 1216 1296 scribit
1238 1269 1273 1296 de
1297 1269 1452 1304 erroribus,
1475 1278 1547 1306 quos
1569 1280 1605 1298 ex
1625 1269 1762 1299 Osiandri
1780 1271 1861 1300 libris
1883 1272 2028 1302 hauserat.

327 1308 442 1336 Abdiae
471 1309 576 1337 librum
606 1310 693 1337 mittit
718 1309 849 1347 Gemgio
874 1310 993 1339 Anhalt.
1039 1311 1181 1339 Iudicium
1208 1312 1242 1339 de
1273 1322 1307 1340 eo
1336 1312 1392 1340 vid.
1420 1312 1450 1340 in
1474 1322 1519 1350 ep.
1544 1313 1571 1341 d.
1596 1313 1623 1341 d.
1649 1313 1697 1341 28.
1721 1313 1807 1342 Febr.
1832 1332 1872 1337 —
1896 1315 1995 1344 Editio
2017 1316 2148 1346 locorum

360 1353 591 1388 germanicorum
616 1353 744 1380 nondum
770 1358 813 1381 est
836 1352 976 1381 absoluta.

326 1391 432 1421 Scribit
454 1394 608 1428 Hencelio,
632 1396 701 1431 quid
724 1405 782 1422 non
806 1395 971 1433 probaverit
995 1396 1025 1423 in
1048 1396 1142 1424 forma
1164 1397 1341 1433 agendorum
1365 1406 1512 1426 sacrorum
1536 1399 1687 1436 Augustae
1710 1399 1939 1429 Vindelicorum.

326 1435 423 1465 Locos
435 1438 618 1475 germanicos
630 1438 706 1465 dicat
719 1439 834 1473 Annae,
848 1439 963 1486 coniugi
977 1438 1118 1467 Ioachimi
1131 1437 1298 1468 Camerarii.
1318 1438 1364 1467 De
1377 1450 1433 1477 quo
1444 1441 1518 1470 libro
1531 1441 1586 1469 vid.
1601 1451 1644 1478 ep
1659 1442 1685 1470 d.
1702 1442 1729 1470 2.
1737 1442 1815 1472 Nov.
1832 1447 1860 1471 et
1871 1443 1898 1472 d.
1915 1444 1961 1472 14.
1970 1443 2047 1473 Nov.
2058 1445 2149 1474 1555.

325 1479 495 1508 Melanthon
517 1480 643 1508 absolvit
664 1480 745 1508 locos
768 1481 960 1518 germanicos.

325 1563 480 1593 Confessio
503 1563 649 1593 Saxonica
671 1565 790 1603 Lipsiae
814 1567 919 1596 editur.

295 1630 300 1636 .
324 1607 414 1635 Mittit
436 1607 516 1635 loces
537 1609 721 1644 germanicos
745 1610 855 1637 amicis.

295 1672 302 1679 .
326 1650 464 1678 Albertus
487 1649 557 1678 Dux
580 1650 719 1680 Prussiae
740 1653 769 1680 in
794 1661 883 1680 causa
906 1651 1043 1680 Osiandri
1066 1653 1165 1681 scribit
1187 1653 1368 1682 Melanthoni
1391 1655 1486 1691 (cuius
1509 1663 1680 1691 responsum
1702 1654 1800 1682 datum
1820 1659 1862 1683 est
1880 1656 1906 1683 d.
1932 1657 1959 1684 4.
1982 1655 2076 1692 Maii).

296 1715 302 1722 .
325 1692 512 1720 Theobaldus
535 1694 739 1729 Thammerus,
762 1695 916 1730 fanaticus⁷
940 1695 995 1723 fuit
1017 1695 1200 1733 Vitebergae.
1248 1697 1328 1730 (Vid.
1355 1707 1398 1733 ep.
1423 1697 1459 1724 ad
1483 1696 1627 1725 Collinum
1651 1697 1678 1725 d.
1704 1697 1752 1726 23.
1777 1698 1865 1735 Apr.)

325 1735 393 1763 Hoc
415 1745 514 1763 mense
538 1737 596 1764 edit
619 1737 779 1765 Ptolemaei
803 1736 1064 1775 Quadripartitum,
1088 1739 1223 1775 dicatque
1247 1739 1369 1768 Erasmo
1388 1739 1513 1768 Ebnero.

299 1800 305 1806 .
329 1778 452 1806 Moritur
475 1778 601 1807 Ioannes
624 1779 725 1813 Koch,
749 1780 842 1808 fidelis
863 1781 1058 1809 Melanthonis
1081 1782 1218 1809 minister.

295 1843 301 1849 .
326 1821 417 1848 Andr.
441 1821 572 1849 Musculo
596 1822 723 1858 ingenue
746 1823 844 1850 scribit
869 1824 938 1860 quid
960 1828 1067 1851 statuat
1091 1825 1127 1852 de
1150 1825 1211 1852 eius
1235 1825 1432 1852 controversia
1455 1834 1519 1853 cum
1539 1824 1689 1853 Stancaro.

297 1883 304 1889 .
330 1861 445 1891 Coniux
470 1864 667 1892 Melanthonis
690 1866 817 1900 graviter
838 1871 980 1902 aegrotat,

328 1905 395 1933 Hoc
418 1916 517 1934 mense
541 1906 647 1934 bellum
672 1908 785 1935 Alberti
809 1909 985 1937 Marchionis
1010 1918 1074 1937 cum
1098 1909 1247 1946 Episcopo
1271 1909 1480 1947 Bambergensi
1505 1914 1532 1938 et
1555 1918 1619 1938 cum
1639 1909 1931 1948 Norinbergensibus.

296 1970 302 1976 .
325 1948 441 1977 Coniux
460 1949 527 1978 Mel.
551 1959 614 1978 cum
638 1954 730 1978 morte
751 1951 885 1978 luctatur.

296 2014 302 2020 .
323 1990 429 2020 Scribit
451 1991 526 2029 Regi
549 1991 664 2020 Daniae
688 1993 729 2022 cin
750 1994 888 2023 ffiebenfen
909 2001 969 2023 nom
988 1993 1111 2031 Qatnu>
1135 1998 1188 2024 unt>
1213 1994 1311 2030 &trente
1335 1995 1383 2026 beo
1404 1995 1545 2031 {numera

298 2055 304 2062 .
328 2034 456 2063 Vocatus
481 2040 524 2063 est
547 2036 576 2062 in
599 2035 706 2070 aulam,
729 2036 780 2064 sed
802 2037 856 2064 iter
878 2037 1034 2074 impeditur
1057 2037 1158 2065 morbo
1182 2038 1322 2074 coniugis.

294 2099 300 2106 .
324 2077 515 2105 Tileniannus
540 2077 720 2106 Hesshusius
741 2079 927 2106 renunciatur
947 2079 1057 2108 Doctor
1075 2080 1254 2116 Theologiae
1273 2081 1308 2108 ab
1332 2081 1493 2109 Academia
1516 2081 1733 2119 Vitebergense.
1780 2081 1916 2119 Pagellas
1938 2082 2145 2119 disputationis

362 2120 397 2148 de
421 2121 512 2148 dicto:
539 2121 647 2158 „gratis
672 2122 825 2149 venundati
849 2123 927 2155 estis,
949 2122 1039 2158 gratis
1061 2123 1272 2156 rcdimeminiffl
1297 2124 1412 2160 scripsit
1435 2124 1615 2152 Melanthon.

297 2186 302 2192 .
326 2161 440 2191 Iudicat
461 2163 495 2190 de
519 2164 704 2200 quaestione:
728 2174 765 2191 an
787 2165 873 2192 liceat
891 2165 995 2192 ducere
1020 2166 1118 2193 uxoris
1142 2166 1251 2193 sororis
1274 2165 1374 2196 filiam.
1421 2167 1502 2203 (vid.
1527 2167 1613 2194 etiam
1637 2167 1665 2195 d.
1690 2166 1739 2195 20.
1762 2165 1842 2204 Iun.)

296 2227 301 2233 .
325 2204 410 2233 Uxor
432 2205 630 2234 Melanthonis
648 2206 772 2234 luctatur
794 2216 858 2235 cum
877 2212 978 2236 morte.

275 2248 302 2276 6.

327 2247 499 2285 Expatiatur
522 2249 558 2276 ad
578 2248 738 2286 Georgium
759 2250 950 2278 Anhaltinum
974 2255 1181 2288 aegrotantem,
1204 2251 1303 2288 ibique
1326 2252 1499 2289 perscripsit
1521 2252 1660 2290 scriptum
1682 2252 1821 2280 adversus
1843 2250 2025 2281 Stancarum.

329 2290 442 2318 Bellum
462 2291 536 2319 inter
555 2292 723 2320 Mauritium
747 2292 911 2321 Electorem
936 2298 963 2321 et
986 2294 1138 2322 Albertum
1162 2294 1362 2323 Marchionem
1384 2295 1548 2324 Brandenb.

298 2356 304 2362 .
328 2333 482 2361 Eduardus
501 2334 567 2362 Rex
590 2335 714 2371 Angliae
737 2336 865 2364 moritur.

324 2374 439 2404 Coniux
461 2376 654 2405 Melanthonis
677 2382 743 2415 post
765 2378 866 2406 febrim
889 2378 977 2406 habet
994 2378 1077 2406 initia
1097 2379 1246 2417 hydropis.

298 2441 303 2447 .
327 2419 431 2455 Pugna
452 2420 527 2447 inter
550 2421 715 2448 Mauritium
744 2425 771 2448 et
792 2420 942 2449 Albertum
965 2431 1055 2458 prope
1078 2421 1169 2450 Peina
1192 2423 1236 2450 vel
1260 2421 1496 2458 Sievershausen‚
1520 2423 1569 2451 ubi
1591 2422 1744 2451 Mauritius
1768 2422 1874 2450 lethale
1897 2422 2011 2461 accepit
2031 2422 2149 2451 vulnus..

298 2484 303 2490 .
328 2462 482 2490 Mauritius
504 2463 634 2490 noritur.

295 2503 420 2541 .Script
423 2514 469 2531 um
498 2506 533 2532 de
555 2504 688 2534 Stancari
711 2506 908 2534 controversia
930 2507 1018 2534 mittit
1040 2496 1204 2536 Μαι-01110111
1227 2507 1276 2536 Br.
1300 2508 1438 2543 Electori,
1462 2514 1491 2536 et
1512 2508 1568 2536 hoc
1590 2517 1690 2537 mense
1712 2508 1812 2536 amicis
1836 2508 1904 2536 suis.

328 2548 489 2584 Augustus,
505 2547 575 2576 Dux
588 2546 658 2577 Sax.
673 2548 798 2583 Elector.
818 2549 896 2577 venit
908 2549 1106 2587 Vitebergam,
1130 2552 1339 2588 confirmatque
1362 2551 1540 2579 dotationem
1560 2550 1735 2579 Academiae
1752 2551 1917 2579 aMauritio
1928 2550 2016 2579 fi-atre
2027 2549 2149 2578 factam..
