2299 2921
141 103 201 134 175

795 97 976 130 PHILIPP!
1001 96 1325 129 MELANTHONJS
1349 96 1508 130 OPERA.

828 205 855 223 a.
901 193 1102 223 Confessio
1125 192 1316 223 Saxoniea
1338 194 1465 224 latina.

344 258 556 296 Prolegomena
580 256 722 294 specialia
791 274 2028 286 ........................

387 311 432 330 aa.
477 300 524 329 De
546 298 656 328 Codice
680 297 817 336 originali
838 298 924 325 huius
947 296 1148 326 confessionis
1205 318 2028 331 ................

386 345 432 374 bb.
477 343 523 371 De
546 342 736 371 Editionibus
760 341 846 369 huius
869 339 1070 369 Confessionis

343 387 542 417 Confessio
567 385 756 414 Saxonica
779 384 905 412 latina.

386 429 536 458 Praefatio
601 447 2029 459 ...........................

387 472 534 510 Repetitio
557 470 762 500 Confessionis
787 472 976 508 Augustanae
1039 491 2028 502 ...................

388 515 546 554 Appendix
599 536 2025 545 ...........................

387 558 517 586 Nomina
540 567 650 592 eorum,
677 557 724 594 qui
750 557 817 584 huic
841 554 1027 585 Confessioni
1050 555 1284 593 subscripserunt
1314 579 2028 588 ..............

387 600 737 639 ὃεϊίμῖῑμαρρῐοδειῐοτίε.
759 600 883 628 aliarum
909 599 1105 627 Ecclesiarum
1128 603 1157 626 et
1178 599 1330 636 regionum
1367 622 2027 630 .............

462 679 489 708 b.
536 676 806 706 confessionis
829 675 1037 705 saxonicae
1058 676 1200 705 latinae
1227 677 1562 714 interpretationes
1585 678 1831 715 germanicas.

344 748 558 786 Prolegomena
581 746 723 784 specialia
764 769 2024 776 ........................

387 801 431 821 aa,
478 791 525 818 De
548 789 563 817 I
570 800 587 818 o
595 790 623 819 h.
646 790 677 818 M
685 799 702 817 a
710 799 725 817 e
735 794 765 818 ts
772 799 791 827 p
799 799 859 828 erg
867 799 881 817 e
888 790 918 817 ri
942 789 1180 826 interpretatione
1202 789 1371 826 germanica
1393 786 1594 818 confessionis
1617 788 1783 818 Saxonicae
1911 813 1917 819 .
1967 813 1972 818 .
2020 814 2026 819 .

477 834 632 862 Editiones
657 834 719 861 eius
761 856 2025 862 ........................

386 878 434 906 bb.
476 877 524 905 De
552 875 581 904 G
590 886 605 904 e
614 885 630 904 o
637 886 652 904 r
660 877 711 915 gii
740 876 770 904 M
777 876 833 904 aio
840 877 892 904 ris
920 876 1160 913 interpretatione
1189 876 1357 914 germanica
1385 875 1470 904 huius
1498 873 1712 910 confessionis,
1746 885 1764 902 a
1793 876 1822 903 M
1830 875 1910 903 elan
1917 875 1954 903 th
1964 885 1980 903 o
1987 884 2006 902 n
2014 885 2030 903 e

479 924 636 948 retractata
709 944 714 948 .
763 943 769 948 .
781 954 784 956 v
818 939 2028 949 .......................

479 964 631 991 Editiones
655 963 717 991 eius
765 983 1973 992 .......................
1994 972 1997 977 ’
2021 985 2027 991 .

346 1005 545 1035 Confessio
569 1004 758 1035 Saxonica
780 1006 1001 1043 germanica.

388 1051 610 1122 θὶεέἕῐίιῖἰθοωὲέτ
647 1049 879 1088 Qlugy'purgifdpen
915 1049 1087 1086 (ξοηῐεῖϊίοη,
1127 1058 1163 1077 ex
1194 1049 1289 1086 prima
1321 1048 1382 1076 eius
1416 1047 1554 1075 Editione
1583 1046 1844 1085 Wittembergensi
1877 1056 1904 1077 a.
1940 1047 2031 1077 1555.

1015 1177 1039 1202 A
1057 1177 1081 1202 D
1100 1176 1125 1202 D
1144 1176 1167 1202 Ε
1187 1176 1211 1201 N
1230 1176 1254 1201 D
1272 1178 1297 1202 A

754 1232 790 1259 ad
814 1231 899 1259 huius
923 1228 1063 1267 Corporis
1087 1229 1153 1258 Vol.
1175 1228 1261 1258 XXI.
1281 1228 1398 1257 XXVI.
1417 1227 1550 1258 XXVII.
