2299 2921
117 111 161 143 43

118 205 181 234 Ian.

121 545 208 574 Febr.

118 715 203 744 Mart.

120 927 215 965 April.

118 1055 188 1083 Mai.

119 1098 183 1126 Iun.

119 1311 174 1340 lul.

119 1441 198 1478 Aug.

120 1481 200 1522 Sept.

121 1696 186 1726 Oct.

122 1868 195 1896 Dec.

122 2167 185 2195 Ian.

122 2295 209 2323 Febr.

123 2422 209 2450 Mart.

255 206 283 234 3.

256 291 284 319 4.

258 334 286 362 5.

257 377 285 404 8.

238 419 286 446 10.

261 545 288 573 9.

236 587 284 616 15.

234 630 283 658 23.

237 715 284 744 15.

235 799 284 827 22.

240 927 287 955 15.

236 970 285 998 18.

237 1012 286 1040 26.

256 1097 282 1126 2.

236 1184 284 1212 16.

234 1226 284 1255 25.

235 1270 284 1297 30.

235 1312 284 1339 22.

237 1354 286 1382 23.

261 1441 288 1469 8.

237 1527 284 1555 19.

236 1568 285 1597 20.

239 1826 269 1853 2⁸
284 1848 289 1853 .

279 1889 286 1895 .
311 1868 448 1895 Animum
471 1876 554 1894 suum
578 1870 669 1894 totum
692 1866 784 1902 aperit
807 1865 975 1894 Camerario
998 1865 1034 1892 de
1063 1864 1138 1892 curis
1165 1864 1242 1898 suis,
1273 1872 1346 1900 quas
1376 1867 1437 1890 toto
1464 1871 1542 1890 anno
1572 1862 1723 1890 habuerat.
1747 1878 1787 1882 —
1810 1860 1958 1899 Physicen
1987 1861 2119 1895 adornat,

238 2209 287 2237 26.

239 2252 288 2280 28.

283 2315 290 2322 .
313 2294 382 2321 Mel.
406 2293 506 2321 scribit
527 2292 687 2330 physicam.
733 2290 822 2328 Optat
843 2290 901 2318 alio
923 2289 988 2318 loco
1012 2290 1108 2318 vivere
1131 2299 1218 2326 quam
1241 2289 1424 2325 Vitebergae.

238 2379 287 2407 24.

280 2443 286 2449 .
310 2422 403 2449 Valde
426 2421 569 2449 sollicitus
594 2425 636 2448 est
660 2420 726 2448 Mel.
749 2420 783 2448 de
807 2429 902 2447 rerum
926 2418 1187 2446 ecclesiasticarum
1210 2422 1294 2445 statu.

241 2466 288 2492 11.

242 2508 288 2535 15.

240 2549 289 2577 29.

764 107 952 139 PH1L1PP1
982 105 1298 137 MELANTHONIS
1325 104 1482 136 OPERA.
2080 110 2124 142 44

307 205 353 233 De
378 204 552 232 bibliotheca
574 203 693 231 Ioannis
716 202 860 230 Friderici
883 202 931 229 Pr.
956 200 1101 228 Electoris
1125 199 1233 227 scribit.
1256 216 1297 220 —
1315 198 1467 236 Spalatino
1489 201 1577 229 mittit
1597 201 1764 240 apologiam
1786 203 1991 239 germanicam,
2014 204 2044 232 in
2061 212 2120 241 qua

341 247 421 275 locos
444 247 479 274 de
502 251 622 283 peccato
645 245 764 281 originis
790 247 817 272 et
840 245 875 271 de
898 243 1104 271 iustificatione
1122 246 1297 271 retexuerat.

308 289 480 318 Eobanus
503 288 646 316 Hessus
667 287 830 315 Erfordiam
853 287 883 313 in
907 285 1095 312 Academiam
1119 289 1246 311 vocatur.

312 331 432 361 Gratias
455 331 515 368 agit
536 340 588 367 pro
611 339 731 358 munere
749 329 784 356 ab
808 328 947 364 Archiep.
971 328 1101 364 Mogunt.
1124 331 1259 364 accepto,
1282 327 1328 355 cui
1350 328 1538 365 inscripserat
1560 334 1714 358 comment.
1737 330 1768 358 in
1790 330 1845 368 Ep.
1870 331 1908 359 ad
1930 330 2016 359 Rom.

309 375 439 403 Litterae
460 373 594 402 Caesaris
618 373 654 400 ad
677 372 794 399 ordines
818 370 937 407 Imperii
960 370 995 397 de
1016 369 1140 397 concilio
1163 369 1308 398 habendo.

310 417 438 444 Litterae
463 416 562 452 Papae
585 414 713 442 eiusdem
737 413 910 449 argumenti.
1784 436 1804 449 Ι,

308 461 407 488 Mense
431 459 492 485 Ian.
511 457 614 495 repetit
638 455 850 483 enarrationem
875 455 968 491 quinti
991 455 1055 482 libri
1079 454 1198 483 ethicor.
1223 455 1330 491 Arist„
1359 460 1386 483 et
1407 456 1611 493 interpretatur
1638 458 1795 486 secundam
1821 459 1981 487 orationem
2009 457 2122 488 Olinth.

343 500 557 529 Demosthenis.

312 543 357 571 De
381 543 513 580 prodigio
536 541 700 577 Oeniponte
723 540 800 575 viso,
823 540 857 567 de
880 538 1016 574 Serveto,
1041 541 1076 567 de
1099 540 1223 577 Polybio
1244 541 1343 568 scribit
1366 542 1401 569 ad
1425 540 1573 570 Camerar.

307 587 414 614 Parum
437 585 500 622 spei
523 594 553 612 se
576 584 682 610 habere
703 583 733 610 in
757 583 903 620 principes
929 583 1042 619 Evang.
1067 586 1199 610 testatur.

308 629 341 656 In
364 629 467 656 itinere
490 631 533 654 est
556 625 660 653 Halae.

308 672 410 699 Mense
432 669 515 697 Febr.
539 669 637 697 comiti
658 668 694 696 ab
718 667 833 695 Erbach
857 668 934 695 dicat
957 668 1118 695 encomium
1142 667 1350 695 Demosthenis
1373 677 1410 696 ex
1428 668 1568 697 Luciano.

306 713 393 751 Legit
414 713 520 749 scripta
543 710 664 740 Serveti.
690 728 730 731 —
753 709 889 738 Scholam
913 710 1102 738 domesticam
1124 710 1331 747 discipulorum
1355 711 1410 739 hoc
1432 716 1561 749 tempore
1585 712 1735 740 dimiserat
1753 718 1870 751 propter
1887 712 2051 750 frequentia
2069 721 2123 741 sua

339 757 451 784 itinera.
1279 772 1285 779 .

309 798 439 835 Georgio
462 797 622 824 Anhaltino
647 796 746 823 scribit
765 796 800 822 de
822 795 895 823 libro
919 796 1085 823 cantionum
1109 795 1280 823 Anhaltino.

307 842 408 870 Mense
426 840 531 868 Martio
555 839 665 868 Caesar
687 838 806 875 navigat
827 838 857 866 in
880 837 1064 875 Hispaniam,
1089 848 1231 875 suumque
1254 838 1393 866 vicarium
1417 839 1566 866 constituit
1589 839 1723 874 fratrem,
1748 839 1982 876 Ferdinandum,
2009 839 2120 878 Regem

341 884 514 912 Romanum.

311 927 449 954 Paulus
479 925 621 952 Eberus
651 924 839 960 Vitebergam
864 928 989 951 venerat.

309 968 356 997 De
379 968 562 996 absolutione
588 967 653 994 Mel.
674 976 739 994 cum
762 965 892 994 Luthero
916 966 1016 994 scribit
1039 966 1074 993 ad
1099 965 1361 1003 Norinbergenses.

310 1012 418 1049 Incipit
441 1020 576 1038 enarrare
601 1014 733 1046 quartam
756 1008 951 1047 Philippicam
975 1009 1190 1038 Demosthenis.

307 1055 516 1091 Interpretatur
535 1053 730 1081 Aristotelem.

306 1096 414 1125 Orator
436 1096 570 1125 Caesaris
593 1100 621 1122 ct
640 1095 768 1132 Legatus
792 1095 891 1131 Papae
913 1094 1084 1122 Wimariam
1108 1095 1238 1129 veniunt,
1263 1095 1354 1122 acturi
1378 1104 1443 1123 cum
1467 1094 1603 1131 Principe
1626 1093 1720 1122 Elect.
1744 1094 1779 1122 de
1802 1094 1938 1123 concilio.

308 1140 392 1168 Iunio
415 1140 489 1167 med.
512 1139 684 1167 sententiam
702 1147 784 1166 suam
807 1138 843 1165 de
866 1137 997 1165 conciliis
1020 1137 1120 1165 scribit
1142 1137 1179 1165 ad
1202 1137 1308 1165 aulam.

308 1183 437 1220 Legatus
460 1182 632 1210 Pontificius
656 1181 828 1217 Vitebergae
851 1185 902 1208 est.

307 1224 434 1254 Corvino
457 1225 557 1253 scribit
579 1224 615 1252 de
636 1224 722 1252 rebus
745 1223 958 1251 ecclesiasticis.
1003 1223 1178 1259 Apologiam
1199 1223 1259 1250 vult
1282 1227 1413 1250 retexere
1436 1227 1535 1251 totam.

308 1269 494 1305 Responsum
517 1267 746 1295 Protestantium
769 1266 804 1293 de
827 1265 940 1303 synodo
965 1265 1002 1293 ad
1024 1265 1135 1302 legatos
1159 1264 1294 1293 Caesaris
1318 1270 1345 1293 et
1369 1265 1475 1302 Papae.

309 1311 418 1339 Narrat
440 1310 501 1338 fata
525 1308 687 1344 Gerhardi,
712 1309 761 1346 qui
784 1308 908 1336 Lutetiis
932 1307 1025 1335 Paris.
1049 1307 1230 1344 evangelium
1255 1308 1402 1336 docuerat.

306 1353 442 1383 Cometes
464 1353 648 1390 conspicitur.
687 1351 863 1387 „Horribilis
887 1351 1005 1378 flamma
1027 1355 1079 1385 est,
1104 1354 1132 1378 et
1151 1350 1234 1378 valde
1256 1350 1521 1388 septentrionalis.“
1545 1366 1582 1371 —
1602 1348 1761 1378 Sabinus
1783 1352 1867 1386 parat
1883 1349 1938 1377 iter
1955 1348 2123 1378 inItaliam.

309 1397 411 1425 Mense
434 1395 510 1423 Iulio
535 1396 571 1423 ad
594 1395 744 1423 Brentium
767 1394 866 1422 scribit
887 1394 923 1421 de
947 1392 1059 1422 Serveti
1083 1393 1238 1421 erroribus.

308 1437 494 1477 Colloquium
516 1438 684 1466 Monasterii
708 1437 837 1464 habitum
860 1437 934 1464 inter
957 1436 1058 1465 Herm.
1085 1434 1184 1464 Busch
1207 1440 1236 1464 et
1256 1436 1365 1464 Bernh.
1388 1435 1558 1464 Rothmann
1581 1436 1617 1464 de
1638 1435 1897 1472 Anabaptistarum
1919 1434 2059 1463 doctrina.

311 1482 434 1510 Ineunte
458 1481 620 1518 Septembri
644 1481 792 1518 praefatur
814 1480 851 1507 ad
875 1478 984 1516 Georg.
1008 1479 1104 1506 Rhaw
1125 1479 1155 1507 in
1179 1479 1245 1507 Ael.
1269 1479 1428 1507 Donatum.

307 1525 435 1553 Nomine
459 1524 637 1552 Academiae
658 1524 693 1551 de
717 1529 869 1560 quaestore
893 1523 1022 1559 queritur
1044 1523 1121 1559 apud
1146 1522 1280 1550 Beierum
1303 1521 1465 1551 Cancellar.

309 1568 463 1604 Queritur,
487 1567 599 1595 coelum
622 1565 799 1594 Saxonicum
823 1565 878 1593 sibi
902 1575 960 1593 non
981 1565 1054 1593 bene
1077 1566 1243 1594 convenire.

307 1611 374 1639 Hoc
397 1619 496 1639 mense
518 1609 667 1647 praefatur
689 1610 718 1636 in
737 1614 800 1637 acta
824 1609 903 1636 edita
926 1609 962 1636 de
990 1608 1089 1636 nuncii
1116 1607 1264 1636 Pontificii
1287 1616 1387 1636 mense
1411 1607 1474 1635 Iun.
1499 1607 1528 1635 h.
1548 1616 1574 1635 a.
1598 1615 1663 1634 cum
1684 1605 1767 1633 Duce
1790 1604 1857 1633 Sax-
1881 1604 1973 1633 Elect.
2003 1604 2123 1642 negotio

345 1654 381 1681 de
405 1652 528 1682 concilio
552 1652 747 1681 convocando.

282 1718 288 1725 .
312 1694 386 1724 Cum
409 1695 540 1724 Luthero
560 1700 587 1723 et
610 1695 683 1723 Iona
705 1695 821 1722 Erford.
840 1694 984 1731 theologis
1006 1693 1121 1729 scribit,
1145 1703 1182 1720 ne
1204 1693 1345 1727 dubitent,
1368 1701 1399 1720 se
1417 1692 1470 1719 rite
1493 1694 1613 1720 vocatos
1637 1700 1701 1719 esse
1724 1691 1762 1718 ad
1785 1699 1905 1718 munera
1926 1698 1988 1718 sua.

281 1762 288 1768 .
312 1739 386 1768 Cum
410 1739 537 1767 Luthero
559 1739 596 1765 ad
617 1737 755 1766 Senatum
780 1737 956 1774 Norinberg.
980 1737 1081 1764 scribit
1104 1737 1139 1763 de
1162 1736 1316 1773 disciplina
1339 1735 1535 1762 ecclesiastica
1558 1738 1587 1761 et
1610 1735 1645 1762 de
1667 1734 1860 1761 absolutione.

260 1698 277 1726 2

260 1741 277 1768 8

240 1784 286 1810 10.

263 1825 278 1853 2

258 1869 275 1897 5

311 1783 424 1811 Bucero
446 1781 589 1818 promittit
611 1781 707 1808 studia
729 1790 782 1808 sua
805 1780 840 1807 ad
864 1780 1021 1807 tollendum
1046 1779 1196 1807 dissidium
1218 1779 1253 1806 de
1276 1788 1299 1806 s.
1323 1787 1422 1806 coena.

312 1825 359 1853 De
382 1824 505 1851 Wicelio
529 1823 675 1860 copiosius
698 1824 733 1850 ad
757 1822 934 1859 Agricolam.

346 1920 431 1947 quam
456 1910 584 1936 editurus
605 1913 649 1936 est
668 1908 823 1935 Milichius.

311 1953 411 1980 Mense
435 1952 506 1980 Dec.
532 1956 663 1980 versatur
685 1952 715 1978 in
739 1951 889 1978 visitandis
912 1950 1042 1978 ecclesiis
1064 1950 1094 1977 in
1117 1949 1299 1986 praefectura
1320 1948 1549 1977 Liebwerdensi.

962 2075 1116 2105 ANNO
1159 2075 1283 2106 1534.

311 2165 478 2203 Raymundi
497 2164 623 2201 Fuggeri
645 2163 771 2201 elogium
793 2162 891 2191 scribit
915 2163 951 2190 ad
976 2162 1154 2190 Amantium.

310 2208 475 2236 Alesium
498 2207 679 2235 commendat
702 2205 863 2243 Spalatino.

313 2250 545 2279 Amsdorfius
567 2249 687 2277 Luthcri
709 2249 836 2276 animum
860 2248 961 2275 incitat
984 2247 1122 2275 adversus
1146 2247 1308 2274 Erasmum.

310 2336 400 2373 Optat
422 2341 450 2363 et
471 2336 581 2370 studet,
604 2339 635 2362 ut
658 2333 841 2362 Camerarius
865 2333 1051 2369 Vitebergam
1073 2337 1199 2362 vocetur.
1227 2350 1263 2354 —
1288 2332 1354 2359 Vid.
1379 2341 1423 2370 ep.
1449 2331 1476 2359 d.
1500 2330 1528 2358 2.
1550 2330 1613 2358 Iun.
1639 2329 1665 2356 h.
1689 2338 1714 2358 a.

311 2379 445 2416 Regnum
468 2378 726 2415 Anabaptistarum
750 2378 780 2404 in
804 2376 841 2403 W
844 2375 994 2413 estphalia.

312 2464 415 2498 Dolet,
438 2463 598 2491 Lutherum
620 2472 761 2490 renovare
785 2466 929 2490 certamen
951 2470 1016 2488 cum
1039 2460 1172 2488 Erasmo.

313 2507 461 2534 Adversus
483 2506 691 2542 Anabaptistas
715 2505 843 2542 disputat
864 2505 892 2531 in
918 2503 1031 2541 prolixa
1053 2503 1139 2540 epist.
1162 2503 1198 2530 ad
1222 2502 1376 2530 Buce-rum.

313 2549 435 2577 Paulum
458 2549 585 2577 Eberum
608 2549 691 2576 valde
714 2548 896 2576 commendat
918 2545 1095 2575 camerario.
