2299 2921
123 101 185 133 155

220 231 367 261 XXXIX.

306 403 371 431 XL.

287 446 367 473 XLI.

267 488 356 515 XLII

255 510 369 559 XLIII.

257 573 367 602 XLIV.

273 616 367 644 XLV.

257 701 368 730 XLVI.

239 940 366 969 XLVII.

224 983 368 1012 XLVIII.

254 1026 367 1056 XLIX.

333 1070 367 1099 L.

319 1112 369 1142 LI.

303 1155 370 1184 LII.

286 1199 369 1226 LHI.

286 1241 366 1270 LIV.

300 1284 363 1312 LV.

283 1326 363 1356 LVI.

271 1369 367 1398 LVII.

250 1412 362 1442 LVIII.

286 1455 370 1484 LIX.

297 1498 365 1527 LX.

279 1540 362 1571 LXI.

268 1583 366 1613 LXII.

250 1626 358 1655 LXIII

256 1670 367 1699 LXIV.

270 1713 366 1742 LXV.

259 1755 371 1784 LXVI.

242 1798 370 1826 LXVII.

227 1840 369 1869 LXVIII.

254 1883 369 1913 LXIX.

271 1926 370 1956 LXX.

254 1969 367 1997 LXXI.

244 2012 374 2040 LXXII.

230 2055 376 2083 LXXIII.

231 2097 375 2126 LXXIV.

246 2141 372 2169 LXXV.

233 2372 374 2401 LXXVI.

215 2415 373 2444 LXXVII.

201 2458 377 2488 LXXVIII.

231 2500 378 2529 LXXIX.

244 2543 374 2572 LXXX.

786 101 973 133 PHILIPPI
996 102 1312 136 MELANTHONIS
1336 106 1496 138 OPERA.

415 231 617 268 Interpretatio
640 231 780 260 orationis
803 231 942 270 Lycurgii
966 236 1065 260 eontra
1085 232 1257 262 Leocratem
1282 259 1995 266 ..............

455 284 571 303 annexa
589 275 826 312 interpretatione
1177 294 1181 300 .

486 320 511 345 1.
557 318 627 345 iuris
650 317 763 345 iurandi
787 318 886 352 Attici,
906 328 943 345 ex
966 316 1091 346 Stobaeo
1121 343 1996 352 .................

482 361 509 388 2.
555 360 728 388 narrationis
752 360 787 387 de
805 360 882 392 filiis,
907 361 955 397 qui
978 365 1074 397 patres
1098 371 1135 390 ex
1154 362 1289 390 incendio
1311 367 1472 400 gestarunt,
1496 374 1532 392 ex
1551 365 1673 393 Aeliano

417 403 621 439 Interpretatio
643 403 784 430 orationis
806 402 940 438 Luciani,
964 404 1124 433 calumniae
1147 414 1206 433 non
1229 414 1291 434 esse
1314 410 1420 434 temere
1444 408 1618 436 credendum

414 445 617 481 Interpretatio
640 445 790 473 Lucianici
814 447 937 474 encomii
966 447 995 474 in
1020 447 1246 476 Demosthenem
1293 473 1997 481 ..............

411 488 615 524 Interpretatio
638 488 799 516 orationum
824 498 860 516 ex
884 489 1055 518 Thueididis
1078 491 1157 519 Libr.
1183 490 1204 520 I.
1228 490 1265 518 II.
1291 491 1345 519 ΠΙ.
1369 491 1421 521 IV.
1444 493 1480 521 V.
1504 493 1556 522 VI.
1583 493 1641 521 VII
1644 515 1996 523 ........

414 530 619 568 Interpretatio
644 532 783 559 orationis
806 530 915 559 Critiae
939 538 1040 561 contra
1062 533 1284 568 Theramenem,
1306 545 1343 563 ex
1361 534 1557 572 Xenophonte

413 573 619 610 lutei-pretatio
642 575 815 602 narrationis
835 575 951 602 Prodici
971 575 1007 603 de
1029 575 1167 609 Hercule,
1191 586 1226 604 ex
1250 576 1447 615 Xenophonte
1505 602 1997 609 ..........

414 616 617 653 Interpretatio
639 617 817 652 quaestionis
838 618 986 645 Plutarchi
1010 619 1045 646 de
1069 624 1139 648 nota
1159 619 1363 656 Pythagorica,
1387 631 1444 659 qua
1467 621 1610 659 hospitem
1633 622 1815 650 hirundinem
1838 621 1928 658 recipi
1951 631 2001 649 no-

454 659 561 693 lebant,
587 664 614 686 ct
637 660 758 687 duorum
783 660 904 688 aliorum
928 661 1056 689 locorum

412 700 563 772 gggrredrii
586 703 788 740 interpretatio
813 703 954 740 epistolae
978 703 1095 742 Lysidis
1118 705 1155 732 ad
1178 704 1391 743 Hipparchum,
1414 706 1601 736 Melanthone
1622 712 1808 744 praeceptore
1830 707 1908 737 facta
1938 731 1944 736 .
1993 731 1998 736 .

481 754 515 772 en
539 754 556 772 a

629 768 1998 780 ..........................

944 855 1165 886 VOLUMEN
1183 856 1301 887 XVIII.

412 941 616 978 Interpretatio
639 942 735 978 operis
758 942 960 979 quadripartiti
985 941 1099 970 Claudii
1125 943 1285 972 Ptolemaei
1308 946 1343 973 de
1366 945 1614 981 praedictionibus
1636 946 1839 976 astronomicis
1887 970 1892 975 .
1941 971 1946 975 .
1995 971 2000 976 .

412 983 617 1021 Interpretatio
640 984 751 1021 aliquot
772 985 904 1013 locorum
927 985 1036 1014 Iliados
1059 985 1181 1014 Homeri

414 1027 622 1064 Interpretatio
645 1028 756 1064 aliquot
776 1028 908 1055 locorum
932 1028 1081 1066 Odysseae
1105 1029 1228 1058 Homeri

413 1068 532 1098 Scholia
554 1071 584 1098 in
607 1071 958 1108 Batrachomyomachian
978 1071 1099 1099 Homeri
1129 1096 2000 1104 .................

414 1112 617 1150 Interpretatio
643 1118 670 1140 et
692 1114 837 1141 enarratio
861 1113 918 1141 loci
941 1123 978 1142 ex
1001 1114 1108 1151 hymno
1132 1115 1269 1143 Homeris
1292 1115 1322 1142 in
1346 1115 1475 1143 Hermen
1508 1140 2001 1147 ..........

416 1156 571 1184 Enarratio
594 1156 735 1184 Hesiodei
758 1155 901 1193 poematis
922 1158 1055 1194 inscripti
1079 1156 1177 1194 Opera
1200 1162 1228 1185 et
1250 1158 1312 1185 dies
1344 1182 2001 1189 .............

414 1198 623 1235 Interpretatio
648 1199 758 1236 aliquot
781 1199 910 1227 locorum
934 1199 1076 1228 Hesiodei
1094 1202 1237 1236 poematis
1261 1199 1392 1238 inscripti
1412 1199 1510 1237 Opera
1533 1206 1559 1229 et
1582 1202 1644 1229 dies
1670 1226 2001 1231 .......

412 1241 617 1279 Interpretatio
641 1243 764 1270 duorum
788 1242 916 1270 locorum
942 1252 977 1270 ex
1002 1241 1157 1279 Sophoclis
1175 1243 1333 1280 tragoediis

410 1284 614 1322 Interpretatio
635 1285 775 1313 Hecubae
799 1284 947 1321 Euripidis

409 1327 616 1365 Interpretatio
636 1326 747 1355 Orestis
770 1327 919 1364 Euripidis

411 1369 617 1407 Interpretatio
640 1370 869 1398 Phoenissaruni
893 1370 1042 1407 Euripidis
1072 1395 2004 1402 ..................

409 1413 615 1451 Interpretatio
640 1413 760 1441 Medeae
784 1413 934 1450 Euripidis
964 1437 1295 1444 .......
1317 1444 1320 1446 ,
1345 1437 2004 1446 .............

416 1456 621 1493 Interpretatio
644 1455 800 1494 Hippolyti
825 1457 954 1484 coronati
978 1454 1127 1494 Euripidis

411 1499 617 1536 Interpretatio
641 1499 797 1527 Alcestidis
821 1499 969 1536 Euripidis

409 1541 614 1579 Interpretatio
637 1542 858 1570 Andromaches
881 1542 1030 1580 Euripidis
1076 1565 2004 1574 ..................

411 1585 618 1622 Interpretatio
642 1584 813 1622 Supplicum
835 1585 985 1622 Euripidis
1021 1608 2004 1616 ...................

411 1628 616 1667 Interpfftatio
638 1628 788 1665 Euripidis
810 1628 983 1666 Iphigeniae
1005 1628 1035 1656 in
1057 1628 1164 1656 Aulide
1184 1650 2005 1659 ................

1015 1308 2002 1323 ...................

412 1671 617 1708 Interpretatio
641 1671 792 1708 Euripidis
816 1671 989 1709 Iphigeniae
1011 1671 1041 1699 in
1064 1671 1170 1700 Tauris

412 1714 617 1751 Interpretatio
642 1713 732 1742 Rhesi
757 1714 905 1751 Euripidis
965 1736 2005 1745 ....................

417 1757 622 1794 Interpretatio
646 1757 794 1785 Troadum
819 1756 968 1793 Euripidis

1238 1693 2005 1702 ...............

417 1799 620 1836 Interpretatio
643 1799 824 1827 Baccharum
848 1799 998 1835 Euripidis
1024 1819 2004 1830 ...................

417 1842 621 1878 Interpretatio
645 1841 783 1880 Cyclopis
809 1842 956 1879 Euripidis
1024 1864 2006 1872 ...................

416 1884 621 1922 Interpretatio
644 1884 865 1912 Heraclidarum
890 1885 1038 1921 Euripidis
1075 1904 2006 1915 ..................

415 1927 620 1964 Interpretatio
642 1927 774 1955 Helenae
797 1927 947 1964 Euripidis
968 1948 2005 1957 ....................

413 1970 619 2007 Interpretatio
644 1970 725 1999 Ionis
749 1971 898 2007 Euripidis
966 1991 2005 2000 ....................

419 2013 624 2050 Interpretatio
648 2014 797 2050 Euripidis
816 2012 953 2041 Herculis
972 2012 1093 2041 furentis
1132 2033 2006 2043 .................

422 2057 634 2094 Argumentum
653 2062 681 2084 et
703 2056 815 2084 scholia
836 2056 865 2083 in
889 2056 1093 2092 Aristophanis
1115 2055 1218 2084 Nubes
1241 2075 2006 2085 ...............

420 2098 623 2136 Interpretatio
643 2100 764 2127 duorum
788 2099 916 2127 locorum
939 2098 1091 2126 Menandri
1134 2117 2006 2128 .................

418 2141 624 2180 Interpretatio
642 2142 737 2180 idyllii
759 2140 846 2170 XIX.
870 2142 1021 2169 Theocriti
1078 2159 2006 2170 ..................

422 2185 566 2213 Addenda
640 2203 2006 2214 ..........................

965 2284 1185 2315 VOLUMEN
1206 2284 1296 2316 XIX.

420 2373 628 2410 Interpretatio
651 2373 772 2400 duarum
797 2372 953 2409 elegiarum
976 2371 1096 2408 Tyrtaei
1115 2376 1142 2399 et
1164 2370 1291 2407 Solonis,
1318 2376 1404 2409 atque
1426 2371 1483 2399 loci
1504 2370 1673 2408 Phocylidjs
1730 2393 2007 2399 ......

420 2415 627 2453 Interpretatio
651 2416 859 2444 sententiarum
881 2414 1063 2451 Theognidis
1134 2435 2008 2444 .................

424 2458 588 2495 Explicatio
612 2459 819 2487 sententiarum
842 2457 1022 2494 Theognidis
1080 2477 2007 2487 ..................

424 2501 628 2538 Interpretatio
653 2502 771 2529 duorum
794 2501 923 2530 locorum
949 2509 985 2527 ex
1009 2498 1180 2529 Callimachi
1203 2500 1336 2538 hymnis,
1359 2505 1388 2528 et
1408 2500 1494 2528 trium
1517 2499 1639 2527 aliorum
1663 2497 1793 2526 locorum
1839 2521 1845 2527 .
1894 2520 1900 2526 .
1947 2520 1954 2526 .
2003 2520 2008 2526 .

418 2543 623 2582 Interpretatio
648 2545 770 2572 duorum
792 2544 1020 2582 fragmentorum
1044 2541 1200 2571 Simonidis
1223 2541 1276 2571 Cei
1300 2548 1327 2571 et
1350 2542 1538 2581 Bacchylidis
1569 2562 2009 2571 .........
