2299 2921
135 103 199 137 341

180 200 250 230 Vidi
271 198 410 234 libellum,
430 207 516 235 quem
538 197 604 226 huc.
623 198 660 232 V,
684 198 756 227 290.

179 243 299 272 Vidisse
321 247 350 269 te
372 241 477 277 opinor
500 249 614 268 novam.
638 240 694 275 ΠΙ,
718 241 789 269 593.

179 286 281 315 vitum
303 288 434 312 nostrum
457 287 488 310 ut
511 286 652 311 amanter.
677 283 730 318 IV,
755 283 827 312 875.

179 327 341 368 Ἆφρήτωρ,
364 323 538 363 ἀθέμιστος.
561 325 614 361 VI,
639 326 711 354 257.

178 368 351 411 Βάρδισται
373 362 526 408 μακάρων.
551 368 588 403 Υ,
612 368 683 397 680.

178 411 389 452 Εὖφημότερον
412 408 505 440 οὐδέν.
530 410 565 445 Υ,
590 411 618 440 5.

135 454 362 493 Theophilo:

178 499 244 528 Etsi
264 499 322 526 iam
341 497 411 525 olim
428 500 456 524 te
478 496 603 533 plurimi.
625 495 666 531 II,
689 495 760 524 564.

178 542 221 571 Ut
242 541 272 569 in
297 540 376 568 omni
398 539 506 568 officio.
530 538 585 573 III,
610 540 659 568 50.

134 585 314 618 Thomae,
338 582 488 610 Abbati:

178 627 244 655 Etsi
265 626 336 660 scio,
357 624 482 661 collegia
503 628 607 652 vestra.
631 623 668 658 V,
688 624 760 652 891.

134 670 328 706 Thuringo
351 676 373 696 s.
397 667 559 703 During,
588 666 830 694 Balthasaro:

179 711 289 749 Accepi
312 714 376 738 tuas
399 710 509 745 literas,
532 710 562 737 in
585 709 696 746 quibus.
729 708 753 744 I,
778 709 849 738 995.

177 753 388 784 Commendavi
409 753 462 780 tibi
486 757 554 780 ante
576 752 640 781 hoc.
663 752 688 787 Ι,
713 752 784 780 989.

177 797 212 825 In
235 805 324 825 cansa
346 793 496 831 συνάξεως
518 805 574 824 me.
598 795 622 829 Ι,
647 795 718 823 948.

178 839 351 877 Opportune
373 839 473 875 accepi
495 843 560 865 tuas
582 837 691 866 literas.
714 836 738 872 Ι,
763 837 834 866 909.

177 881 288 919 Scripsi
311 881 348 909 ad
370 880 508 910 Senatum
532 881 620 908 urbis.
644 879 668 914 Ι,
693 880 763 909 813.

176 924 298 953 Utinam
323 923 496 960 tranquillae
520 923 586 951 sint.
611 923 634 958 Ι,
657 923 727 951 861.

134 968 328 1006 (Thurzo),
352 965 486 994 Ioanni
510 966 712 1003 Episcopo:

178 1009 273 1044 Quam
295 1013 378 1046 grato
401 1014 526 1045 pectore.
550 1007 574 1043 Ι,
601 1007 672 1037 209.

134 1053 371 1086 Tilemanno,
396 1051 580 1080 Fossano:

173 1095 309 1124 Arbitror
333 1098 371 1128 te,
394 1098 425 1121 ut
447 1093 563 1120 multos.
598 1091 654 1126 IX,
682 1091 750 1120 181.

134 1138 368 1170 Tilemanno,
392 1137 449 1164 M.:

178 1180 242 1208 Etsi
266 1179 362 1207 malim
386 1179 463 1206 domi
488 1186 560 1205 esse.
583 1176 662 1211 'VII‚
687 1178 758 1205 911.

134 1222 300 1260 Torgau,
323 1220 492 1250 Senatui:

179 1267 221 1295 OEss
243 1266 273 1300 ist
296 1264 374 1301 nssbie
398 1265 439 1292 eiu
463 1270 550 1291 armet
570 1262 677 1298 SIBuit‘e.
700 1262 796 1291 Qucass.
821 1261 890 1297 VII,
913 1262 983 1291 460.

180 1308 253 1341 witti)
274 1307 320 1344 Dat
339 1305 463 1344 gebetben
487 1305 620 1337 Sucubuss.
649 1304 690 1339 ΙΙ,
710 1304 782 1332 706.

182 1350 283 1378 Multis
306 1349 484 1386 argumentis
508 1348 587 1376 mihi.
610 1348 646 1382 V,
671 1347 741 1375 389.

183 1393 302 1423 {simol
322 1394 357 1426 id>
382 1393 423 1421 nit
442 1392 517 1427 meifi.
541 1391 589 1419 mie
608 1391 648 1419 bie
667 1389 851 1427 ffleleqenbeit.
881 1388 948 1424 VII,
973 1390 1044 1419 463.

182 1436 281 1472 Beiqer
303 1436 383 1470 ’victer
403 1434 517 1467 &christ
537 1434 722 1467 &ieronimum
747 1432 868 1470 &uiget
900 1432 984 1468 VIII,
1009 1433 1079 1461 601.

139 1478 405 1511 Troeedorfio,
428 1476 647 1504 Valentino:

182 1520 276 1558 Spero
301 1520 379 1548 brevi
403 1525 537 1547 vestrum.
562 1518 645 1553 VIII,
670 1519 738 1546 188.

139 1563 377 1601 Tubingensi
398 1562 636 1589 Academiae:

182 1607 247 1634 Etsi
271 1615 366 1643 spero,
390 1613 441 1633 vos
462 1615 524 1641 pro.
549 1604 602 1638 III,
628 1605 700 1632 421.

139 1649 288 1686 Turgen
313 1653 350 1681 (s.
371 1647 555 1684 Tungen),
579 1646 708 1674 Ottoni
733 1644 942 1674 Guilielmo
967 1656 1000 1675 a:

184 1692 278 1720 Valde
302 1691 389 1719 laudo
413 1690 566 1719 consilium
590 1690 688 1727 patris.
714 1688 766 1724 VI,
791 1689 860 1717 662.

142 1801 296 1834 Utiano,
320 1800 511 1828 Oswaldo:

187 1844 264 1879 Quid
288 1848 341 1877 est,
364 1843 501 1877 Osvalde,
525 1843 611 1880 quod.
641 1842 664 1877 1,
689 1842 759 1872 6:27.

143 1887 282 1923 Unrng,
308 1886 454 1913 Ioanni:

184 1930 315 1965 Tempus
338 1938 382 1955 me
405 1929 549 1955 admonet.
583 1927 636 1962 IV,
662 1928 732 1957 829.

141 1972 298 2006 Ursino,
323 1969 555 1999 Balthasaro:

183 2014 362 2042 Dulcissima
390 2013 551 2041 consolatio
573 2013 638 2050 piis.
672 2012 758 2047 VIII,
781 2014 851 2042 454.

141 2056 386 2091 Uttenhofen,
411 2056 545 2084 Carolo
568 2056 623 2083 ab:

184 2100 289 2127 Petrus
312 2099 472 2136 (Edingus)
498 2100 605 2136 hospes
628 2107 718 2127 meus.
754 2098 791 2133 V,
816 2098 886 2128 489.

185 2142 252 2171 Scio
276 2146 304 2169 te
327 2142 492 2169 meminisse
516 2142 688 2169 Ecclesiam.
723 2140 776 2175 VI,
800 2142 870 2170 896.

142 2244 326 2278 Vadiano,
351 2243 557 2272 Ioachimo:

185 2286 278 2314 Tuam
302 2286 529 2314 lucubrationem
552 2285 679 2322 plenam.
714 2285 750 2319 V,
774 2285 845 2314 432.

143 2329 334 2358 Valerodo
355 2338 379 2357 s.
404 2329 632 2363 Wallenrod,
656 2328 849 2356 Matthaeo
874 2337 907 2356 a:

187 2371 361 2409 Quanquam
383 2372 439 2399 hae
462 2377 625 2409 temporum
648 2371 801 2400 moestitia.
832 2370 902 2406 VII,
926 2371 997 2400 832.

187 2413 256 2443 Scio
278 2415 330 2442 tibi
352 2418 424 2442 nota
445 2423 516 2442 esse.
552 2414 588 2449 V,
615 2414 686 2443 356.

144 2457 288 2485 Veneto
307 2455 476 2485 Senatui:

187 2498 262 2527 Cum
285 2509 362 2527 anno
385 2499 544 2537 superiore.
579 2498 634 2533 ΠΙ,
660 2499 730 2528 745.

188 2542 292 2571 Fertur
315 2543 393 2580 apud
414 2551 477 2571 nos.
510 2541 564 2576 VI,
590 2542 661 2570 761.

312 103 351 135 ΙΙ.
396 102 584 134 INDICES.
628 103 670 135 Η.
695 101 834 134 INDEX
856 100 1052 134 EPISTOL.
1076 100 1189 135 PHIL.
1215 100 1318 133 MEL.
1340 100 1684 134 ALPHABETICUS
1708 100 1795 132 PER
1817 100 1959 133 INITIA.

1146 2280 1151 2346 1

1147 2348 1152 2434 Ι

2078 101 2143 134 342

1163 197 1363 234 Vergerio,
1386 197 1497 225 Petro
1518 196 1650 224 Paulo:

1207 240 1291 268 Mitto
1314 239 1480 277 exemplum
1501 239 1702 268 confessionis.
1736 238 1789 273 IV,
1812 238 1861 268 22.

1164 283 1382 318 Vincentio,
1405 282 1534 310 Petro:

1206 325 1343 354 Arbitror
1366 329 1395 353 te
1417 325 1573 353 audivisse.
1606 323 1675 359 VH,
1699 324 1770 352 470.

1208 365 1283 396 Cum
1305 368 1422 396 advenit
1443 368 1501 396 huc
1523 367 1620 395 frater.
1656 365 1742 401 VIII,
1766 365 1838 395 817.

1208 408 1283 438 Cum
1305 411 1364 439 iam
1386 411 1417 439 in
1437 410 1586 448 Angliam.
1619 409 1705 445 VIII,
1730 409 1801 438 344.

1207 452 1282 482 Cum
1305 462 1424 481 necesse
1447 453 1494 488 sit,
1517 463 1563 481 me
1586 461 1682 489 saepe.
1715 451 1786 487 VII,
1808 451 1899 481 1036.

1207 495 1283 524 Cum
1306 496 1469 525 Politianus
1492 505 1584 524 suam.
1619 494 1677 530 IX,
1702 495 1772 524 428.

1207 536 1283 567 Cum
1303 542 1331 566 te
1353 539 1462 567 fontem
1486 538 1662 566 Hamelium.
1698 537 1782 570 VIII,
1806 536 1878 566 729.

1206 580 1265 609 Dei
1287 581 1427 609 beneficio
1450 585 1479 609 et
1499 582 1528 609 in
1551 581 1606 609 hac
1628 581 1741 609 vicinia.
1774 579 1831 614 IX,
1855 579 1926 608 508.

1206 622 1265 652 Dei
1286 623 1427 652 beneficio
1445 623 1685 652 Francofordiam
1707 623 1839 661 ingressi.
1871 621 1930 658 IX,
1954 621 2026 652 244.

1207 666 1311 703 Egone
1332 667 1369 695 de
1391 666 1507 695 silentio
1530 671 1588 695 tuo.
1624 665 1709 701 VIII,
1731 667 1780 695 53.

1207 709 1384 746 Eperienses
1407 709 1463 738 huc
1486 709 1635 738 miserunt.
1671 709 1727 744 IX,
1753 709 1824 737 511.

1206 750 1261 779 Est
1283 752 1401 780 omnino
1425 752 1572 780 excellens
1595 752 1625 780 in
1648 752 1781 789 Birgero.
1815 749 1900 785 VHI,
1925 749 1997 780 220.

1207 794 1245 822 Et
1263 794 1415 822 Ecclesiae
1440 800 1468 822 et
1490 795 1532 822 rei
1554 795 1709 824 literariae.
1746 793 1815 827 VII,
1840 794 1912 822 750.

1208 837 1246 864 Et
1268 837 1321 864 tibi
1343 837 1466 873 gratiam
1490 837 1594 872 habeo,
1618 838 1695 874 quod
1718 837 1876 864 Valentini.
1912 834 1982 868 VII,
2007 835 2079 865 815.

1207 878 1273 907 Etsi
1296 879 1508 914 dubitabamus,
1531 889 1568 907 an
1592 881 1629 908 ad
1652 885 1687 907 te.
1723 879 1780 914 IX,
1806 880 1875 908 670.

1208 921 1272 949 Etsi
1296 923 1375 959 pium
1399 927 1443 950 est
1464 923 1566 959 magis.
1601 921 1686 957 VIII,
1711 923 1782 951 457.

1209 964 1256 991 Ex
1275 964 1379 992 itinere
1401 966 1438 993 ad
1462 965 1617 1002 synodum.
1651 965 1721 999 VII,
1742 966 1813 994 965.

1208 1006 1327 1043 Exiguo
1350 1007 1505 1036 intervallo
1527 1008 1606 1035 haec.
1640 1007 1726 1042 VIII,
1752 1007 1824 1035 240.

1209 1047 1317 1077 Graeci
1340 1050 1484 1078 Rhetores
1506 1050 1642 1078 scribunt.
1676 1050 1746 1085 VII,
1772 1050 1842 1078 855.

1209 1089 1302 1119 Graio
1327 1092 1429 1120 schola
1450 1093 1576 1121 nomine.
1612 1091 1696 1126 VIII,
1722 1093 1792 1121 847.

1210 1132 1342 1162 Gratiam
1376 1134 1427 1161 tibi
1460 1135 1552 1162 habeo
1586 1145 1639 1172 pro
1674 1139 1724 1162 tua
1753 1143 1822 1171 erga
1853 1143 1899 1162 me
1932 1133 2148 1162 benevolentia,

1252 1176 1320 1211 VII,
1342 1177 1413 1206 502.

1209 1219 1267 1247 Hic
1290 1217 1403 1256 Caspar
1426 1218 1610 1248 Godemann.
1646 1219 1702 1253 IX,
1727 1219 1798 1247 574.

1210 1261 1273 1289 Iam
1295 1262 1393 1289 videre
1416 1263 1525 1290 videor.
1560 1262 1645 1297 VIII,
1671 1263 1742 1291 308.

1208 1303 1242 1331 In
1266 1304 1391 1332 Deliaco
1414 1305 1524 1342 templo
1547 1310 1632 1333 recte.
1666 1304 1734 1338 VII,
1760 1305 1830 1333 711.

1209 1347 1243 1374 In
1265 1347 1336 1375 urbe
1359 1347 1568 1384 Heidelberga.
1603 1347 1660 1382 IX,
1686 1348 1756 1376 361.

1209 1389 1256 1417 Ita
1278 1391 1355 1418 sensi
1378 1400 1478 1418 verum
1502 1391 1641 1418 dolorem.
1673 1389 1741 1424 ΥΙΙ,
1764 1389 1854 1418 1006.

1210 1433 1296 1460 Iubet
1319 1433 1399 1460 reddi
1422 1433 1578 1461 Hesiodus.
1614 1433 1681 1467 VII,
1705 1433 1776 1461 607.

1211 1476 1349 1512 Legimus
1373 1476 1489 1504 dulciss.
1515 1486 1630 1504 carmen
1652 1480 1741 1503 tuum.
1779 1473 1863 1508 VIH,
1889 1473 1962 1503 225.

1213 1519 1322 1555 Magna
1345 1528 1409 1546 cum
1434 1519 1582 1555 voluptate
1605 1519 1671 1555 legi.
1707 1517 1790 1551 VIII,
1816 1518 1863 1545 70.

1213 1562 1323 1599 Magno
1346 1562 1375 1588 in
1399 1562 1500 1589 dolore
1524 1570 1596 1589 sum.
1632 1560 1716 1595 VIII,
1742 1560 1813 1589 472.

1215 1604 1300 1632 Mitto
1323 1604 1405 1632 vobis
1428 1602 1578 1631 historiam
1602 1603 1772 1640 Capnionis.
1811 1601 1881 1637 VII,
1909 1601 1999 1631 1029.

1216 1647 1373 1675 Multorum
1398 1647 1489 1675 literis
1512 1647 1684 1675 celebratus.
1722 1645 1806 1680 VIII,
1831 1645 1902 1674 506.

1216 1689 1287 1717 Non
1311 1690 1347 1717 ad
1370 1690 1458 1718 alium
1482 1694 1666 1717 conventum.
1701 1688 1758 1724 IX,
1784 1689 1855 1717 ⁶248.

1216 1731 1286 1759 Non
1310 1732 1403 1760 solum
1428 1732 1638 1761 benevolentia.
1674 1732 1742 1766 ΥΠ,
1764 1732 1834 1760 542.

1218 1774 1307 1802 Nosti
1330 1776 1446 1803 dulciss.
1472 1784 1570 1803 versus
1595 1778 1695 1815 γέρων,
1732 1774 1815 1808 VIII,
1840 1773 1911 1803 507.

1218 1817 1352 1854 Orpheus
1375 1819 1405 1845 in
1430 1819 1639 1855 Argonautico.
1675 1817 1744 1852 VII,
1770 1818 1841 1846 596.

1218 1860 1291 1888 Post
1313 1866 1394 1888 tuum
1416 1861 1470 1888 iter
1493 1860 1627 1889 Senatus.
1660 1860 1717 1894 IX,
1742 1860 1813 1889 516.

1218 1902 1378 1940 Postquam
1402 1913 1420 1930 a
1442 1904 1535 1931 nobis.
1572 1903 1626 1938 IX,
1651 1904 1722 1932 378.

1219 1944 1286 1980 Qua
1309 1947 1366 1974 fide
1390 1947 1555 1974 reddantur.
1586 1946 1641 1981 IX⁷
1667 1947 1738 1974 305.

1219 1988 1337 2024 Quaero
1361 1990 1494 2025 equidem
1518 1990 1655 2017 remedia.
1684 1987 1740 2023 IX,
1765 1988 1835 2016 358.

1218 2030 1361 2069 Staphylo
1384 2032 1600 2060 Posnanienses
1623 2032 1766 2059 mandata.
1801 2029 1870 2065 VII,
1894 2029 1966 2059 569.

1217 2074 1284 2102 Tua
1306 2075 1428 2102 consilia
1450 2076 1485 2102 de
1507 2075 1621 2112 quibus.
1656 2073 1739 2108 VIII,
1764 2074 1834 2102 218.

1215 2117 1296 2145 Tuas
1319 2118 1418 2145 literas
1443 2122 1471 2145 et
1493 2118 1636 2147 desidero.
1672 2116 1738 2151 VII,
1766 2117 1855 2145 1013.

1221 2160 1325 2196 Τέττιξ
1346 2162 1400 2197 μὲν
1422 2163 1535 2198 τέττιγι.
1568 2160 1651 2194 VIII,
1676 2159 1745 2187 258.

1176 2202 1350 2240 Vitigero
1375 2214 1397 2232 s.
1424 2203 1641 2239 Wittigero,
1665 2201 1857 2229 Michaeli:

1220 2244 1360 2273 Gratulor
1383 2246 1445 2278 tibi,
1469 2247 1507 2273 mi
1531 2245 1628 2278 Mich.‚
1653 2244 1842 2281 provinciam.
1875 2243 1899 2279 I,
1923 2244 1994 2272 594.

1219 2288 1312 2315 Plane
1333 2289 1388 2316 hoc
1411 2293 1533 2325 tempus,
1568 2288 1591 2322 Ι,
1617 2288 1687 2316 643.

1219 2328 1314 2364 Quem
1338 2331 1498 2367 deposuisti
1522 2330 1608 2367 apud.
1643 2329 1667 2363 I,
1693 2330 1763 2358 613.

1221 2372 1260 2401 Oi
1281 2375 1335 2410 μὲν
1358 2369 1410 2402 οὖν
1429 2374 1561 2402 παλαιοὶ.
1600 2372 1623 2406 Ι,
1651 2373 1720 2401 16].

1177 2414 1362 2452 Voglero,
1387 2416 1569 2452 Georgio:

1219 2457 1337 2486 Literae
1362 2464 1473 2486 vestrae
1498 2458 1622 2485 fuerunt.
1657 2456 1697 2492 X,
1725 2458 1792 2485 133.

1176 2500 1309 2529 Voitio
1333 2511 1355 2529 s.
1378 2501 1531 2535 Voicio,
1554 2500 1751 2528 Michaeli:

1220 2544 1296 2571 Amo
1320 2544 1447 2572 studium
1471 2548 1560 2572 tuum.
1596 2541 1665 2577 ΥΠ,
1690 2543 1762 2571 873.
