2299 2921
1116 474 1190 539 M

141 584 440 650 INDEX
460 584 1213 650 PROPOSITIONUM
1238 583 1354 648 ΕΤ
1388 583 2152 651 DISPUTATIONUM

670 678 910 742 PHIL.
950 676 1633 742 MELANTHONIS.
1868 707 1871 710 ·

143 950 366 988 Propositiones
389 950 614 986 complectentes
641 949 815 986 praecipuos
836 948 986 977 Articulos
1015 949 1121 977 doctri-

187 1002 242 1021 nae
266 992 408 1020 coelestis.
442 992 508 1019 Vol.
531 991 602 1027 XII,
624 992 693 1021 399.

142 1034 191 1064 De
213 1040 334 1073 peccato
357 1035 477 1072 originis
502 1035 572 1064 437.

142 1076 191 1106 De
215 1078 451 1115 concupiscentia
473 1077 546 1106 439.

142 1119 191 1148 De
213 1125 332 1157 peccato
355 1120 469 1158 reliquo
492 1120 522 1147 in
546 1120 654 1147 renatis
677 1120 748 1147 441.

142 1162 190 1191 De
213 1163 378 1191 discrimine
400 1162 512 1200 peccati
534 1162 684 1198 originalis
707 1166 736 1189 et
758 1161 878 1189 actualis
900 1161 970 1189 443.

142 1205 190 1234 De
212 1205 378 1234 discrimine
402 1205 506 1233 veteris
530 1210 557 1232 et
579 1205 646 1233 now'
666 1204 847 1232 Testamenti
869 1204 938 1232 444.

143 1247 190 1276 De
212 1248 277 1285 lege
301 1253 328 1276 et
350 1247 601 1276 Promissionibus
625 1248 696 1276 444.

145 1289 244 1325 Quare
266 1291 324 1319 fide
346 1291 539 1319 iustificemur
561 1299 620 1317 non
645 1289 800 1317 dilectione
821 1289 892 1316 446.

143 1333 190 1362 De
213 1334 351 1361 antithesi
374 1334 567 1361 humanarum
592 1333 778 1368 opinionum,
802 1336 829 1360 et
852 1339 939 1359 verae
960 1330 1122 1358 sententiae

187 1377 222 1405 de
241 1377 444 1404 iustificatione
464 1376 535 1404 449.

142 1417 190 1447 De
213 1420 357 1447 sententia
379 1419 464 1447 dicti:
484 1418 556 1446 Fide
580 1418 769 1446 iustificamur
793 1417 864 1446 452.

143 1461 190 1490 De
215 1461 379 1490 exclusiva:
403 1460 472 1490 Sola
493 1461 549 1488 fide
573 1466 623 1488 etc.
646 1461 717 1490 455.

144 1503 391 1533 Confirmationes
422 1504 583 1533 sententiae
606 1503 705 1531 Pauli:
733 1502 807 1531 Fide
837 1502 1025 1531 iustificamur
1049 1501 1121 1531 458.

143 1547 190 1575 De
213 1547 287 1575 Fide
310 1548 380 1576 460.

144 1589 190 1618 De
214 1590 360 1618 sententia
384 1594 411 1617 et
435 1589 701 1617 confirmationibus
724 1588 809 1616 Pauli
828 1589 898 1617 460.

143 1632 190 1661 De
224 1632 434 1661 Iustificatione
459 1632 543 1667 fidei,
584 1636 611 1660 et
639 1632 748 1660 iustitia
783 1630 856 1669 legis
885 1640 935 1660 seu
965 1631 1122 1660 universali

142 1718 215 1747 Fide
239 1718 372 1746 vincente
395 1718 605 1745 dubitationem
631 1717 701 1746 464.

142 1761 189 1789 De
210 1760 281 1788 Fide
304 1761 374 1790 466.

143 1803 191 1831 De
214 1804 380 1831 discrimine
403 1803 626 1840 promissionum
651 1801 739 1840 Legis
763 1807 790 1830 et
811 1802 965 1840 Evangelii
988 1802 1059 1832 466.

145 1846 190 1874 De
219 1846 384 1874 discrimine
414 1846 519 1874 veteris
553 1850 582 1873 et
610 1846 678 1873 novi
705 1845 900 1880 Testamenti,
934 1846 1028 1883 deque
1049 1845 1122 1883 leg-is

188 1889 377 1926 abrogatione
401 1888 471 1917 469.

145 1931 192 1960 De
210 1932 399 1968 abrogatione
421 1930 494 1968 legis
517 1932 587 1959 473.

145 1974 192 2002 De
214 1974 348 2002 libertate
371 1973 537 2002 Christiana
560 1974 631 2002 474.

145 2017 191 2045 De
214 2026 267 2045 usu
290 2017 431 2044 libertatis
454 2017 483 2043 in
507 2013 684 2056 ἀδιαφόροις
703 2021 730 2043 et
748 2016 886 2044 scandalo
910 2016 981 2045 477.

145 2059 192 2088 De
213 2061 289 2088 dicto
311 2060 391 2087 Petri
414 2060 514 2086 Actor.
543 2060 606 2087 15.:
630 2059 734 2096 Neque
755 2068 808 2087 nos
831 2067 924 2096 neque
946 2064 1044 2096 patres
1067 2064 1120 2087 etc.

190 2103 260 2131 478.

146 2145 193 2173 De
215 2145 371 2174 sententia:
394 2144 476 2172 Iusto
499 2153 556 2172 non
580 2150 622 2172 est
644 2144 694 2172 lex
715 2145 811 2181 posita
834 2144 905 2173 479.

146 2187 192 2216 De
215 2188 373 2216 sententia:
396 2186 478 2215 Deus
501 2187 560 2214 vult
579 2196 679 2215 omnes
702 2187 834 2215 homines
853 2186 950 2215 salvos
968 2186 1030 2214 fieri
1050 2187 1121 2216 480.

146 2230 193 2258 De
215 2230 347 2258 Ecclesia
371 2230 442 2258 481.

146 2273 194 2302 De
224 2273 378 2302 autoritate
406 2271 572 2307 Ecclesiae,
603 2277 631 2300 et
661 2272 697 2300 de
721 2272 798 2301 dicto
821 2272 993 2310 Augustini:
1027 2271 1124 2300 Evan-

191 2316 267 2353 gelio
290 2325 348 2343 non
371 2315 517 2343 crederem
536 2320 588 2343 etc.
610 2315 681 2344 482.

149 2358 195 2387 De
218 2368 287 2386 vera
310 2363 338 2386 et
359 2358 426 2385 ficta
444 2357 589 2393 Ecclesia,
614 2362 642 2385 et
665 2358 700 2385 de
724 2357 824 2386 eodem
848 2357 924 2385 dicto
948 2356 1124 2395 Augustini:

192 2401 353 2438 Evangelio
375 2410 433 2428 non
457 2400 601 2428 crederem
624 2406 677 2428 etc.
700 2401 772 2429 484.

149 2443 195 2471 De
219 2443 383 2472 obedientia
407 2447 436 2470 et
459 2452 601 2471 consensu
622 2443 774 2471 Ecclesiae
798 2442 868 2471 488.

150 2485 195 2514 De
214 2487 313 2523 politia
326 2485 478 2513 Ecclesiae
497 2494 547 2513 seu
565 2486 726 2514 ministerio
745 2490 772 2513 et
791 2484 1021 2514 ordinationibus
1033 2484 1104 2514 489.

1174 947 1221 976 De
1244 949 1384 976 ministris
1407 947 1661 978 sacramentorum
1686 950 1757 979 491.

1174 991 1222 1019 De
1244 996 1388 1028 potestate
1410 990 1542 1020 Clavium
1566 996 1594 1020 et
1616 992 1818 1021 Absolutionis
1842 993 1912 1023 492.

1174 1033 1222 1062 De
1245 1035 1306 1061 iure
1329 1034 1532 1062 Absolutionis
1557 1035 1627 1064 493.

1174 1075 1221 1104 De
1244 1077 1393 1104 Potestate
1417 1077 1613 1105 ecelesiastica
1636 1078 1707 1106 494.
2084 1113 2087 1114 7

1174 1117 1221 1146 De
1244 1117 1369 1156 Synodis
1389 1120 1466 1155 quod
1493 1120 1620 1156 cognitio
1649 1120 1686 1147 de
1709 1120 1842 1148 doctrina
1868 1120 2013 1157 pertineat
2041 1121 2078 1148 ad
2105 1122 2154 1149 de·

1218 1161 1308 1189 lectos
1326 1162 1389 1197 pios
1408 1167 1435 1189 et
1453 1162 1564 1196 doctos,
1583 1166 1645 1190 tum
1666 1160 1852 1197 Sacerdotes,
1873 1167 1934 1190 tum
1951 1162 2057 1191 Laicos
2080 1164 2152 1192 495.

1174 1202 1221 1230 De
1243 1203 1448 1231 traditionibus
1469 1204 1499 1231 in
1522 1204 1657 1232 Ecclesia
1680 1205 1750 1234 497.

1174 1245 1221 1273 De
1243 1245 1461 1273 Traditionibus
1485 1247 1556 1275 499.

1174 1287 1221 1316 De
1239 1288 1391 1325 Baptismo
1415 1289 1486 1317 500.

1174 1329 1221 1358 De
1244 1328 1343 1358 Coena
1365 1329 1486 1359 Domini
1510 1331 1582 1360 500.

1174 1373 1221 1401 De
1244 1371 1414 1401 Sacerdotio
1438 1379 1465 1401 et
1489 1374 1631 1403 sacrificio
1655 1374 1725 1403 501.

1174 1414 1221 1444 De
1244 1416 1345 1443 eodem
1369 1421 1396 1443 et
1418 1417 1571 1453 speciebus
1595 1416 1732 1445 sacrificii
1755 1417 1826 1445 501.

1174 1458 1222 1487 De
1244 1458 1430 1486 Poenitentia
1452 1459 1600 1497 lapsorum
1625 1460 1696 1489 504.

1175 1500 1222 1529 De
1244 1501 1428 1529 Poenitentia
1451 1506 1479 1529 et
1502 1501 1757 1531 satisfactionibus
1781 1502 1851 1530 505.

1174 1543 1222 1572 De
1243 1544 1373 1581 partibus
1394 1544 1595 1573 Poenitentiae
1620 1546 1690 1575 506.

1175 1586 1296 1616 Summa
1320 1587 1470 1615 doctrinae
1493 1588 1529 1616 de
1551 1588 1737 1617 Poenitentia
1759 1588 1829 1616 507.

1173 1629 1220 1658 De
1243 1630 1373 1668 partibus
1396 1630 1606 1666 Poenitentiae,
1627 1636 1654 1659 et
1677 1631 1712 1659 de
1735 1630 1902 1658 discrimine
1913 1628 2150 1659 satisfactionum

1217 1677 1246 1701 et
1264 1682 1423 1710 poenarum
1447 1674 1518 1703 510.

1174 1715 1220 1744 De
1243 1716 1409 1744 discrimine
1431 1714 1669 1744 satisfactionum
1691 1720 1717 1743 et
1740 1724 1899 1753 poenarum
1918 1715 2056 1743 divinitus
2078 1716 2151 1744 irro-

1216 1763 1347 1795 gatarum
1372 1759 1442 1787 513.

1174 1801 1220 1829 De
1243 1801 1402 1830 Exercitiis
1425 1801 1627 1839 corporalibus
1650 1801 1764 1838 piorum
1789 1801 1859 1829 514.

1173 1843 1219 1873 De
1252 1843 1372 1871 Iusticia
1402 1844 1512 1872 carnali
1547 1849 1575 1871 et
1608 1843 1701 1878 civili,
1742 1853 1775 1871 ac
1809 1843 1845 1870 de
1874 1842 1977 1870 effectu
2005 1841 2094 1880 Legis
2123 1847 2151 1871 et

1217 1887 1368 1924 Evangelii
1394 1887 1464 1915 516.

1145 1890 1149 1968 l
1173 1929 1220 1957 De
1243 1928 1460 1957 Iustificatione.
1501 1928 1599 1964 Quare
1621 1929 1677 1957 fide
1698 1929 1761 1957 sola
1783 1927 1988 1963 iustificemur,
2011 1937 2069 1956 non
2092 1928 2150 1956 fide

1216 1978 1243 2000 et
1266 1972 1403 2011 operibus
1424 1972 1508 2000 simul
1534 1973 1604 2001 517.

1174 2014 1220 2043 De
1241 2015 1371 2042 Ecclesia
1390 2016 1461 2044 519.

1173 2058 1221 2086 De
1243 2057 1447 2086 traditionibus
1470 2058 1604 2085 humanis
1628 2057 1698 2087 520.

1174 2100 1221 2129 De
1244 2099 1426 2128 Poenitentia
1446 2100 1517 2129 520.

1174 2142 1221 2171 De
1244 2152 1312 2171 vera
1335 2148 1361 2171 et
1384 2148 1526 2181 perpetua
1547 2143 1680 2170 doctrina
1702 2142 1851 2171 Ecclesiae
1876 2142 1946 2170 524.

1175 2186 1223 2214 De
1244 2185 1387 2221 Ecclesia,
1413 2190 1441 2213 et
1467 2185 1603 2214 antithesi
1628 2195 1712 2214 verae
1740 2185 1889 2213 doctrinae
1917 2189 1946 2212 et
1978 2183 2151 2212 Pontificiae

1175 2271 1222 2299 De
1244 2271 1437 2299 Invocatioue
1459 2270 1517 2299 Dei
1541 2270 1611 2300 529.

1175 2314 1222 2342 De
1244 2314 1318 2342 Fide
1342 2313 1413 2343 532.

1175 2356 1222 2385 De
1243 2356 1430 2385 Matrimonio
1455 2356 1525 2385 532.

1175 2398 1221 2427 De
1243 2403 1305 2427 tota
1325 2398 1480 2436 Evangelii
1502 2398 1633 2427 doctrina
1656 2398 1727 2427 539.

1177 2442 1397 2480 Propositiones
1419 2441 1499 2469 Petri
1522 2441 1557 2469 de
1580 2439 1735 2468 Malvenda
1756 2440 1786 2467 in
1807 2438 1909 2476 colloq.
1934 2438 2048 2477 Ratisp.
2073 2447 2151 2467 anno

1222 2485 1312 2513 1546.
1336 2484 1504 2522 propositae
1528 2484 1597 2512 543.
