2299 2921
177 100 241 135 133

175 199 247 228 Mai.

178 285 243 314 Iun.

180 582 233 612 Iul.

186 1095 260 1129 Aug.

190 1774 269 1812 Sept.

311 197 339 225 2.

293 240 343 269 28.

313 323 342 354 8.

299 370 346 396 11.

302 410 349 438 16.

296 538 343 567 18.

317 582 343 609 4.

299 667 345 695 13.

953 97 976 128 Ι.
1022 96 1084 128 AN
1086 95 1231 128 NALES
1261 95 1405 129 VITAE.
2131 97 2193 129 134

363 195 486 229 Iudicat,
509 202 546 221 an
565 193 636 220 muti
658 198 687 220 et
709 193 788 221 surdi
810 193 981 221 admittendi
1003 193 1060 221 sint
1082 193 1119 220 ad
1142 201 1264 221 coenam
1285 202 1309 221 s.

366 236 556 267 Germaniam
580 235 676 263 Taciti
699 235 804 263 iterum
828 235 935 263 editam
958 235 1035 263 dicat
1058 235 1167 264 Baroni
1189 235 1225 263 ab
1243 235 1382 271 Ungnad.

366 280 489 309 Ineunte
512 287 611 306 mense
631 278 800 306 Melanthon
821 279 943 306 interest
964 279 1073 315 nuptiis
1098 278 1222 307 Batonis
1244 288 1262 306 a
1285 278 1384 306 Beust.

368 323 516 356 Albertus,
537 321 670 349 Marchio
692 321 872 355 Brandenb.,
895 321 1017 349 moritur
1038 320 1224 349 Pforzhemii.

369 365 541 394 Melanthon
561 363 723 391 orationem
744 362 864 392 Nicolai
886 364 1044 401 Agricolae
1068 364 1198 392 editurus
1221 368 1248 392 et
1270 368 1407 392 aucturus
1427 367 1478 390 est.

371 407 541 437 Conventus
564 407 733 444 Principum
758 406 974 441 Palatinorum,
1002 405 1301 444 wurtembergensis,
1325 406 1532 434 Hassiacorum
1561 409 1590 431 et
1613 403 1855 433 Nassaviensium
1888 414 2045 443 eorumque
2076 406 2187 435 theolo-

400 460 503 488 gorum
521 449 747 477 Francofordiae
771 454 888 487 propter
911 450 1021 478 instans
1040 449 1216 487 colloquium
1235 449 1457 478 Wormatiense.
1488 447 1571 484 (vid.
1590 445 1730 484 Saligii
1750 447 1867 481 historie
1887 450 1932 477 Det
1946 448 2054 485 mageb.
2068 448 2186 484 (Eonfeff.

399 493 454 523 III.
479 503 507 530 p.
530 492 588 520 257
609 493 687 529 sqq.)

367 536 537 565 Melanthon
560 539 675 562 enarrat
699 534 906 562 Demosthenis
930 535 1090 563 orationem
1115 536 1150 563 de
1174 544 1289 562 corona.

368 579 515 608 Antonius
540 577 626 612 Otto,
656 577 761 606 Pastor
785 577 992 606 Northusanus
1015 578 1073 606 edit
1096 578 1322 616 propositiones,
1345 577 1375 605 in
1399 576 1503 614 quibus
1525 576 1612 604 etiam
1636 576 1722 604 haec:
1746 584 1859 603 summa
1882 585 1930 604 ars
1954 575 2186 605 Christianorum

401 627 444 650 est
464 621 576 649 nescire
599 620 701 657 legem.

369 664 539 694 Melanthon
563 663 663 692 scribit
686 663 722 690 ad
746 662 885 691 Senatum
910 663 1201 691 Francofordiensem
1224 663 1259 690 de
1283 662 1442 690 tolerandis
1466 661 1600 689 exulibus
1625 671 1660 690 ex
1684 661 1802 698 Anglia.

370 707 438 736 Mel.
461 707 499 735 ad
517 705 733 734 Camerarium:
759 707 914 741 „Animum
939 706 1033 733 habeo
1056 706 1111 733 hoe
1135 710 1266 742 tempore
1290 715 1360 733 cura
1383 705 1517 732 Rhenani
1541 705 1653 732 itineris
1674 708 1857 741 occupatum.
1904 703 1972 732 Non
1994 705 2036 732 ita
2058 703 2184 742 Scyllam

405 755 432 778 et
460 749 627 787 Charybdin
658 749 781 786 Ulysses
810 751 924 783 metuit,
955 754 986 776 ut
1017 758 1070 785 ego
1099 748 1191 776 diram
1220 749 1397 785 sophisticen
1428 752 1456 775 et
1482 747 1590 774 rabiem
1622 747 1853 785 hypocritarum;
1887 747 1985 775 malim
2012 747 2090 776 domi
2121 757 2185 776 cum

405 792 520 820 filiabus
544 792 615 820 meis
638 792 734 820 dicere
758 792 821 828 pias
845 792 1037 828 precationes,
1060 800 1147 827 quam
1171 791 1240 818 alibi
1263 789 1412 828 Sphingos
1434 791 1599 827 aenigmata
1621 791 1749 818 audire.“

318 855 346 866 .,
372 836 540 863 Mandatum
572 835 673 869 habet,
707 839 738 861 ut
769 843 832 862 cum
864 834 895 862 P.
920 834 1016 861 Ebero
1045 837 1073 860 et
1096 832 1133 861 G.
1157 831 1300 861 Cracovio
1326 833 1353 861 d.
1378 833 1425 861 29.
1453 833 1506 861 Iul.
1538 833 1592 860 iter
1620 833 1800 870 ingrediatur
1828 833 1864 860 ad
1893 832 2068 870 colloquium
2101 832 2188 861 Wor·

405 877 553 905 matiense.

341 944 347 950 .
371 920 540 949 Melanthon
564 924 708 957 expectat,
732 928 763 947 se
787 919 971 946 Wormatiae
995 927 1166 955 oppressum
1188 918 1223 945 iri
1247 927 1264 944 a
1287 918 1486 955 sycophantis.

339 987 344 993 .
369 963 506 991 Paulus
528 963 714 990 Lutherus
737 962 922 989 renunciatur
945 962 974 988 in
997 961 1157 988 Academia
1180 960 1274 988 Viteb.
1297 961 1398 988 doctor
1421 961 1490 988 artis
1514 961 1653 989 medicae.

343 1030 348 1035 .
373 1006 553 1034 Melanthoni
576 1005 768 1043 praecipitur,
797 1009 826 1032 ut
856 1004 893 1031 ad
923 1008 1094 1031 conventum
1128 1003 1345 1041 proficiscatur,
1375 1013 1459 1040 quem
1488 1013 1539 1031 rex
1563 1003 1678 1031 Daniae
1706 1003 1742 1031 de
1766 1004 1965 1032 controversia
1993 1003 2029 1031 de
2053 1012 2144 1031 coena
2167 1012 2190 1032 s.

406 1049 556 1076 habiturus
579 1052 655 1081 erat3
678 1048 756 1083 quod
781 1056 848 1075 vero
871 1047 926 1074 iter
948 1056 1006 1074 non
1029 1046 1107 1074 fecit.
1153 1046 1235 1082 (vid.
1259 1055 1305 1083 ep.
1329 1046 1355 1073 6.
1382 1048 1474 1083 Aug.)

340 1113 346 1119 .
373 1092 521 1128 Augustus
545 1090 613 1118 Dux
637 1088 707 1117 Sax.
732 1089 858 1123 Elector,
884 1089 1002 1125 eiusque
1022 1099 1096 1116 uxor
1120 1091 1216 1122 Anna,
1240 1089 1270 1116 in
1295 1088 1421 1116 Daniam
1441 1090 1673 1126 proficiscuntur.
1721 1088 1851 1126 Reliquit
1875 1089 2053 1122 mandatum,
2078 1097 2113 1115 ne
2132 1088 2193 1116 Me—

406 1134 527 1161 lanthon
550 1133 630 1169 prius
655 1132 845 1160 Wormatiam
870 1132 1069 1169 proficiscatur
1091 1141 1177 1169 quam
1200 1131 1317 1159 iusserit
1337 1131 1516 1159 Mordisinus
1537 1130 1745 1159 cancellarius.

343 1198 349 1204 .
374 1177 542 1204 Melanthon
566 1175 713 1213 praefatur
736 1175 765 1202 in
788 1174 913 1202 Palladii
936 1175 1098 1212 catalogum
1122 1175 1295 1202 haeresium.

343 1242 348 1248 .
372 1219 490 1247 Flacius
514 1219 667 1255 theologos
689 1227 758 1245 suae
782 1219 873 1254 partis
897 1218 1022 1251 instruit,
1045 1218 1114 1255 quid
1136 1227 1222 1254 agere
1246 1218 1372 1245 debeant
1392 1217 1570 1244 Wormatiae
1594 1218 1623 1244 in
1648 1216 1804 1254 colloquio.

342 1285 348 1290 .
370 1262 538 1290 Melanthon
563 1261 707 1298 praefatur
730 1261 760 1288 in
784 1258 934 1288 Schosseri
958 1260 1087 1288 libellum
1112 1261 1147 1288 de
1173 1260 1390 1288 Marchionibus
1414 1259 1634 1297 Brandenburg.

344 1327 350 1333 .
374 1304 545 1332 Melanthon
568 1304 749 1331 auditoribus
770 1303 831 1331 suis
854 1303 998 1338 valedicit,
1021 1303 1204 1340 profecturus
1228 1303 1429 1331 Wormatiam.

344 1368 351 1375 .
377 1347 528 1375 Praefatur
551 1347 580 1374 in
603 1346 688 1374 Tom.
714 1346 767 1375 IX.
793 1356 860 1383 opp.
883 1345 1005 1374 Lutheri
1028 1346 1260 1383 germanicorum
1284 1346 1321 1373 ad
1343 1344 1481 1373 Ottonem
1506 1345 1676 1379 Henricum,
1701 1345 1867 1373 Palatinum
1891 1345 2066 1374 Electorem.

343 1410 349 1417 .
375 1390 408 1417 In
432 1391 533 1417 itinere
558 1395 601 1417 est
624 1389 864 1425 Eckardsbergae
888 1398 952 1416 cum
977 1389 1129 1417 comitibus
1154 1389 1260 1423 Ebero,
1284 1388 1414 1416 Peucero
1438 1393 1466 1416 et
1484 1386 1635 1416 Cracovio.

345 1453 352 1460 .
377 1432 494 1460 Flacius
517 1433 632 1469 legatos
656 1432 869 1459 Wirnaricnses
892 1432 1019 1460 incendit
1043 1433 1182 1460 adversus
1203 1432 1432 1459 Melanthonem.

344 1496 350 1502 .
375 1475 545 1503 Melanthon
571 1475 749 1502 Academiae
774 1474 985 1512 Marburgensi,
1010 1475 1058 1502 ubi
1081 1475 1238 1503 honorifice
1260 1479 1399 1511 exceptus
1424 1480 1476 1508 cst,
1501 1483 1617 1502 carmen
1643 1473 1751 1501 scribit.

345 1538 352 1545 .
376 1517 612 1545 Francofordiam
636 1518 806 1554 ingreditur.

342 1583 348 1589 .
372 1559 563 1588 Wormatiam
589 1561 674 1588 venit.

344 1626 350 1631 .
374 1602 504 1632 Basilius
527 1603 699 1637 Monnerns,
730 1603 842 1639 legatus
865 1602 1067 1631 Wimariensis
1090 1603 1126 1631 de
1150 1603 1339 1631 Melanthone
1363 1603 1448 1630 haec:
1482 1606 1644 1639 „quotquot
1673 1606 1739 1629 sunt
1762 1601 1809 1629 hic
1833 1600 2043 1637 (Wormatiae)
2068 1600 2197 1638 theologi

412 1651 575 1674 nostrarum
602 1647 741 1683 partium,
774 1655 838 1673 eum
869 1646 1113 1682 (Melantbonem)
1150 1646 1306 1673 honorilice
1334 1650 1528 1682 exceperunt,
1562 1650 1727 1673 reverenter
1761 1648 1789 1671 et
1818 1643 1901 1680 quasi
1929 1653 2035 1672 numen
2064 1644 2196 1672 adorant.

412 1689 526 1717 Nudius
548 1689 650 1716 tertius
673 1689 715 1725 (d,
736 1688 784 1717 29.
806 1690 897 1725 Aug.)
926 1699 943 1715 a
966 1689 1107 1717 concione
1131 1698 1196 1716 cum
1219 1690 1327 1726 egressi
1350 1697 1482 1723 cramus,
1506 1697 1606 1716 onmes
1629 1698 1694 1716 eum
1718 1686 1884 1715 salutabant
1907 1691 1938 1714 ut
1960 1691 2197 1724 praeceptorem;

412 1741 479 1768 cgo
502 1732 628 1769 procul
654 1731 823 1760 stabamus*

349 1796 355 1801 .
379 1774 560 1803 Conveniunt
585 1775 671 1811 legati
702 1774 868 1811 Principum
900 1781 925 1801 et
955 1775 1100 1811 Theologi
1129 1774 1324 1811 Evangelicae
1353 1775 1443 1811 partis
1472 1773 1668 1807 wormatiae,
1698 1773 1746 1800 ubi
1778 1772 1984 1801 Wimarienses
2012 1776 2131 1809 petunt,
2162 1776 2194 1800 ut.

415 1819 504 1854 prius,
527 1827 613 1854 qnam
637 1817 746 1854 aliquid
770 1826 833 1845 curn
855 1817 1016 1846 Catholicis
1040 1822 1142 1855 agatur
1166 1818 1280 1855 publice
1302 1819 1475 1845 damnentur
1498 1816 1683 1853 Zwingliani,
1707 1814 1844 1843 Osiandri
1868 1815 2009 1850 doctrina,
2034 1814 2193 1852 propositio

414 1858 550 1896 (Georgii
572 1861 718 1894 Maioris):
742 1860 818 1888 bona
838 1870 927 1897 opera
946 1870 1008 1888 esse
1028 1862 1064 1888 ad
1086 1861 1207 1888 salutem
1228 1861 1401 1893 necessaria,
1422 1865 1450 1887 et
1464 1859 1688 1896 Adiaphoristae
1706 1859 1889 1895 (Melanthon
1904 1862 1931 1885 et
1945 1858 2191 1895 Vitebergenses).

351 1924 357 1930 .
382 1902 473 1930 Iulius
494 1902 590 1939 Pflug,
615 1904 768 1939 episcopus
793 1903 1055 1940 Naumburgensis,
1080 1904 1254 1940 colloquium
1277 1904 1407 1931 oratione
1431 1903 1556 1936 inchoat,
1576 1902 1621 1930 cui
1647 1902 1814 1929 Molanthon
1838 1901 2003 1938 respondet.

351 1966 357 1972 .
382 1944 532 1973 Secundus
557 1954 709 1973 consessus
733 1945 919 1974 Wormatiae.

381 1988 498 2015 Tertius
522 1995 684 2015 consessus.

382 2031 553 2058 Melanthon
582 2039 646 2058 cum
678 2030 743 2057 aliis
771 2030 916 2068 theologis
946 2032 1053 2059 iudicat
1082 2032 1117 2059 de
1145 2033 1317 2069 quaestione
1346 2041 1398 2069 per
1422 2029 1531 2068 Georg.
1554 2030 1695 2068 Kargium
1720 2036 1811 2057 mota:
1839 2039 1875 2057 an
1905 2038 2011 2066 corpus
2035 2028 2143 2057 Christi
2166 2030 2195 2056 in

415 2082 506 2101 coena
524 2083 546 2101 s.
569 2078 713 2110 sumptum
736 2073 766 2100 in
790 2078 919 2102 ventrem
942 2074 1118 2102 descendat?

350 2137 356 2144 .
380 2115 508 2151 Quartus
530 2125 693 2144 consessus.
713 2132 753 2135 —
777 2115 916 2144 Traditur
938 2116 1097 2145 Catholicis
1120 2118 1278 2146 declaratio
1303 2118 1337 2145 de
1357 2117 1476 2145 notione
1508 2126 1592 2144 verae
1622 2115 1771 2144 Ecclesiae
1795 2124 1811 2142 a
1835 2115 2021 2143 Melanthone
2043 2115 2160 2152 scripta.

381 2159 506 2194 Quintus
530 2167 692 2186 consessus.

383 2200 490 2230 Sextus
514 2210 676 2236 consessus,
700 2201 748 2228 ubi
773 2200 982 2230 Wimarienses
1006 2203 1244 2239 protestationem
1269 2202 1393 2230 tradunt.

352 2267 357 2273 .
382 2245 498 2273 Flacius
523 2245 656 2281 illyricus
680 2244 819 2271 adversus
841 2244 1056 2272 Melanthonem
1080 2246 1180 2273 scribit
1203 2246 1239 2273 ad
1266 2245 1373 2283 Regem
1397 2245 1518 2273 Daniae.

352 2308 358 2314 .
384 2288 580 2315 Melanthonis
603 2288 710 2315 coniux
734 2291 887 2323 aegrotare
910 2288 1020 2324 incipit.

354 2351 361 2357 .
385 2330 593 2358 Wimarienses
617 2340 653 2358 ex
677 2334 821 2357 conventu
844 2330 1004 2358 discedunt.

354 2395 360 2401 .
383 2372 552 2400 Melanthon
577 2378 605 2400 et
626 2373 730 2410 reliqui
754 2373 949 2401 condemnant
971 2371 1215 2402 Schwenckseldii
1240 2382 1361 2402 errores.

353 2437 359 2443 .
384 2414 486 2452 Legati
508 2415 688 2444 Gallicorum
714 2415 840 2443 exulium
871 2416 989 2444 veniunt
1014 2416 1204 2444 wormatiam
1230 2421 1375 2454 petentes,
1400 2422 1430 2444 ut
1455 2416 1599 2453 principes
1623 2414 1824 2442 protestantes
1847 2421 1899 2449 pro
1922 2412 1994 2448 ipsis
2017 2411 2201 2440 intercedant

420 2458 498 2495 apud
521 2457 632 2495 Regem
654 2457 779 2486 Galliae.

355 2523 361 2528 .
386 2499 553 2528 Declaratio
575 2501 692 2538 publica
709 2501 923 2538 Theologorum
949 2502 1198 2538 Vitebergensium
1222 2502 1250 2529 in
1275 2508 1427 2529 conventu.

356 2566 361 2571 .
387 2542 501 2571 Coniux
522 2543 717 2571 Melanthonis
741 2544 862 2571 moritur
886 2544 1066 2581 Vitebergae.
