2299 2921
151 131 197 163 95

154 227 240 256 Mart.
266 229 314 258 31.

154 270 247 308 April.
291 271 318 299 2.

292 358 319 386 5.

283 443 310 471 6.

289 528 316 556 8.

272 571 317 598 10.

270 614 317 641 17.

269 655 319 685 22.

266 698 314 726 24.

266 741 315 769 25.

267 784 316 812 26.

798 131 984 164 PHILIPPI
1012 131 1330 164 MELANTHONIS
1359 131 1517 163 OPERA.
2123 133 2166 165 96

338 227 434 256 Fran
446 228 583 262 ciscus,
609 226 725 255 Galliae
747 236 810 262 rex,
835 228 965 254 moritur.

343 271 469 299 Ioannes
492 269 677 307 Stigelius
699 273 893 297 commoratur
917 269 1079 299 Erfordiae.

343 313 530 342 Camerarius
548 313 742 350 proficiscitur
764 313 793 339 in
817 312 1020 340 Franconiam.

347 356 430 385 Uxor
452 355 646 383 Melanthonis
665 354 777 382 calculo
800 354 921 382 laborat.

342 399 384 427 Io.
408 399 547 436 Agricola
566 398 741 425 contumelia
762 397 869 425 afflixit
892 396 1053 434 Georgium
1078 397 1279 432 Anhaltinum,
1302 397 1422 435 epistola
1442 397 1556 435 publice
1579 399 1664 427 edita.

334 442 401 469 Mel.
423 446 503 478 rogat
525 440 674 474 Sabinum,
698 445 728 468 ut
748 439 831 467 liberi
855 441 959 467 Annae
982 450 1083 468 omnes
1106 440 1208 478 (filiam
1232 441 1290 468 iam
1313 449 1411 468 secum
1434 441 1571 478 habebat)
1595 442 1650 470 sibi
1672 443 1831 472 mittantur.

343 483 529 511 Conveniunt
551 483 648 520 Egrae
671 482 789 517 Cacsar,
812 482 1014 511 Ferdinandus
1033 483 1110 517 Rex,
1134 488 1162 511 et
1180 483 1334 512 Mauritius
1356 483 1438 513 Dux.

343 527 409 554 Mel.
432 526 518 554 mittit
538 527 634 563 capita
657 525 899 560 consolationum,
923 531 954 554 ut
977 526 1107 554 edantur.

342 569 430 596 Mittit
453 569 600 596 Psalmum
625 578 642 596 a
665 577 696 596 se
720 569 836 596 editum.

340 611 483 639 Indicitur
503 611 605 639 electio
627 611 761 639 Rectoris
781 611 967 640 Academiae.

343 654 477 683 Cacsar-is
501 647 645 684 exefcitus
665 659 705 682 est
730 663 820 690 prope
840 654 992 682 Misenam.

338 697 471 726 Caesaris
491 698 634 725 exercitus
658 697 757 725 Albim
781 701 905 733 superat.
951 696 1069 724 Ioannis
1093 695 1235 724 Friderici
1260 695 1351 724 Elect.
1375 697 1476 734 copiae
1503 698 1533 726 in
1556 697 1654 735 fugam
1684 699 1878 727 coniiciuntur
1902 703 1929 726 et
1951 699 2014 736 ipse
2037 699 2160 737 capitur.

338 741 442 769 Versio
465 740 514 767 lat·
509 750 556 767 1111
578 740 644 768 libri
667 740 805 773 Meuiani,
829 749 846 767 a
869 739 1008 767 Marcello
1031 739 1117 773 facta,
1138 739 1215 767 edita
1237 743 1288 766 est.

337 783 452 820 Accipit
476 782 645 818 Serx‹st.‚ae
669 783 718 810 ubi
742 786 946 816 commoratur,
970 782 1118 815 nuncium,
1142 781 1189 810 Pr.
1214 782 1380 809 Elect01em
1404 787 1519 819 captum
1543 792 1615 818 esse,
1640 788 1666 811 et
1689 783 1786 820 fugam
1807 788 1898 821 parat.

241 826 323 898 (281.)
344 825 449 854 Scribit
473 826 611 854 uxoribus
635 825 881 854 Concionatorum
908 825 1159 861 Vitebergensium
1181 834 1223 853 su
1215 825 1420 862 1ρ11οἣῑ1ο118111
1442 835 1495 863 pro
1514 826 1624 854 maritis
1647 827 1684 854 ad
1707 825 1870 856 Caesarem.

151 869 220 898 Mai.

269 1085 315 1113 10.

266 1301 312 1328 17.

266 1387 312 1414 18.

269 1429 316 1459 19.

267 1472 317 1500 21.

266 1557 316 1586 23.

269 1601 317 1629 24.

266 1687 316 1715 25.

263 1730 311 1758 26.

266 1773 316 1801 28.

265 1816 314 1845 29.

150 1859 215 1887 Iun.
291 1859 319 1887 5.

288 2030 315 2101 5090

268 2203 315 2231 11.

269 2245 318 2273 13.

269 2288 316 2316 18.

269 2331 316 2359 19.

267 2416 316 2445 24.

152 2502 208 2531 Iul.
292 2502 319 2531 2.

308 893 314 899 .
338 869 507 898 Melanthon
529 879 594 897 cum
617 868 727 896 familia
746 869 776 896 in
794 868 872 905 fuga.

286 913 314 941 3.

288 957 316 984 4.

286 1000 314 1026 7.

338 913 424 940 Venit
447 913 652 949 Brunsvigam.
697 910 789 940 Simul
813 921 877 939 cum
901 920 935 939 eo
958 910 1079 938 Lutheri
1102 910 1189 938 vidua
1211 915 1237 938 et
1257 909 1404 947 Georgius
1422 911 1516 938 Maior
1539 911 1659 948 eiusque
1680 911 1800 940 familia.

337 953 472 983 Caesaris
495 955 640 983 exercitus
663 954 852 991 Vitebergam
874 953 995 982 obsidet.
1041 952 1150 981 Caesar
1172 954 1274 981 indicit
1296 954 1413 981 comitia
1432 953 1537 982 Ulmae
1556 954 1700 984 habenda.

335 998 516 1026 Melanthoni
539 997 697 1035 hospitium
720 997 840 1025 offertur
859 1006 877 1024 a
894 996 1044 1024 Ioachimo
1068 996 1177 1024 March.
1201 996 1293 1025 Elect.

340 1041 468 1069 Ioannes
491 1041 657 1069 Fridericus
680 1040 726 1068 El.
752 1040 855 1077 capitis
878 1040 1040 1068 damnatur.

340 1084 408 1113 Mel.
431 1084 553 1112 Lutheri
577 1084 692 1111 viduam
715 1084 745 1111 in
762 1082 890 1110 Daniam
913 1083 1070 1120 perducere
1093 1082 1252 1116 constituit,
1275 1082 1325 1109 sed
1347 1086 1413 1119 post
1436 1092 1545 1119 paucos
1567 1083 1629 1110 dies
1653 1087 1771 1120 propter
1794 1082 1933 1119 pericula,
1958 1086 2069 1110 mutato
2092 1092 2159 1111 con-

373 1127 449 1162 silio,
472 1128 546 1155 redit
568 1127 778 1163 Brunsvigam,
802 1126 850 1154 ubi
872 1126 959 1153 vidua
980 1125 1101 1153 Lutheri
1124 1125 1239 1153 mansit.
1285 1125 1351 1162 Ipse
1373 1126 1451 1162 apud
1470 1134 1501 1153 se
1525 1126 1712 1154 constitutum
1735 1125 1870 1158 habebat,
1892 1126 1923 1153 in
1946 1125 2080 1162 patriam,
2103 1125 2160 1153 Pa-

374 1170 544 1205 latinatum,
568 1170 650 1198 cuius
668 1179 774 1206 magno
796 1179 911 1206 semper
935 1169 1087 1196 tenebatur
1108 1168 1268 1202 desiderio,
1291 1177 1368 1195 nunc
1390 1168 1493 1202 redire,
1517 1169 1640 1205 ideoque
1663 1168 1844 1196 Northusam
1867 1169 1903 1195 ad
1927 1168 2160 1205 Meicnburgium

374 1213 522 1241 consulem
550 1222 582 1241 se
609 1222 736 1250 suosque
760 1211 908 1247 conferre,
938 1216 967 1239 et
988 1212 1073 1247 inde,
1101 1211 1126 1239 si
1150 1211 1196 1238 via
1222 1215 1285 1238 tuta
1313 1210 1403 1246 soret,
1430 1211 1552 1239 ulten'us
1575 1211 1723 1248 progredi.
1769 1211 1850 1247 (Vid.
1876 1212 1938 1239 eius
1957 1221 2002 1248 ep.
2026 1211 2054 1239 d.
2078 1211 2106 1239 d.
2129 1211 2159 1239 5.

373 1256 436 1284 Iun.
458 1256 486 1284 h.
510 1257 549 1292 a.)

337 1299 391 1328 Est
413 1299 659 1336 Wernigerodae,
693 1302 721 1325 et
750 1297 910 1335 praemittit
933 1295 1094 1333 Georgium
1124 1296 1280 1330 Maiorem,
1315 1304 1396 1323 suam
1417 1300 1445 1323 et
1466 1295 1566 1324 Sabini
1590 1296 1699 1330 filiam,
1733 1300 1761 1323 et
1790 1296 1883 1324 filium
1912 1295 2092 1324 Northusam
2121 1296 2160 1324 ad

375 1342 625 1378 Meienburgium,
656 1341 718 1378 ipse
741 1345 838 1367 autem
861 1340 946 1367 rediit
969 1339 1165 1375 Brunsvigam
1189 1339 1224 1366 ad
1248 1348 1369 1366 uxorem
1394 1343 1421 1366 et
1444 1338 1653 1375 supellectilem
1681 1338 1721 1366 ibi
1751 1338 1884 1366 relictam
1906 1338 2160 1367 transvehendam.

337 1385 401 1413 Pax
421 1385 497 1412 inter
518 1384 675 1413 Caesarem
699 1388 727 1410 et.
749 1383 888 1410 Ioannem
912 1382 1091 1410 Fridericum
1113 1381 1288 1417 Electorem,
1309 1381 1384 1409 facta
1406 1382 1568 1409 interventu
1590 1382 1724 1410 Electore
1747 1381 2015 1418 Brandenburgico.

341 1427 473 1456 Uxorem
498 1433 525 1455 et
547 1426 759 1464 supellectilem
778 1426 940 1453 transvehit
963 1425 1153 1453 Northusam.

340 1471 466 1499 Ioannes
478 1470 643 1498 Fridcricus
663 1469 755 1507 copiis
778 1469 837 1497 suis
860 1473 1075 1497 sacramentum
1097 1467 1217 1495 militiae
1237 1467 1367 1502 remittit,
1391 1471 1419 1495 et
1440 1467 1529 1503 iubet,
1552 1472 1584 1496 ut
1605 1471 1673 1496 ante
1696 1467 1772 1495 diem
1790 1467 1906 1496 tertium
1929 1467 2029 1495 urbem
2041 1466 2162 1496 Caesari

372 1514 497 1543 tradant.

339 1557 499 1594 Viteberga
521 1560 679 1593 occupatur
701 1555 737 1583 ab
761 1555 891 1583 exercitu
914 1554 1058 1583 Caesaris.

339 1600 509 1628 Melanthon
533 1603 576 1627 est
597 1600 627 1627 in
649 1598 757 1636 oppido
778 1597 930 1632 Eimbeek,
954 1603 982 1625 et
1004 1596 1159 1625 intercedit
1181 1606 1234 1634 pro
1259 1596 1434 1624 Academiae
1445 1596 1542 1625 Viteb.
1565 1595 1778 1634 professoribus
1799 1595 1876 1633 apud
1893 1594 2150 1633 Obernburgerum

373 1643 559 1672 secretarium
579 1641 724 1671 Caesaris.

339 1684 448 1714 Caesar
469 1686 533 1723 ipse
556 1690 600 1713 est
622 1685 808 1721 Vitebcrgae.

334 1729 424 1757 Mittit
445 1724 628 1756 tabellarium
651 1728 849 1764 Vitebergam,
873 1732 903 1754 ut
928 1725 1061 1763 exploret
1084 1729 1189 1753 statum
1213 1725 1302 1754 urbis.
1347 1723 1494 1761 Georgius
1515 1724 1610 1752 Maior
1631 1732 1663 1752 se
1686 1724 1795 1753 confert
1815 1722 1992 1752 Goslariam.

340 1772 511 1799 Melanthon
533 1773 636 1799 iterum
659 1774 854 1798 commoratur
877 1768 1052 1797 Northusae.
1950 1778 1953 1780 -

338 1814 450 1842 Iterum
474 1820 593 1842 vocatur
613 1815 643 1842 in
667 1813 826 1840 Marehiam
847 1822 865 1840 a
888 1811 1037 1840 Ioachimo
1062 1811 1152 1839 Elect.

339 1858 437 1895 Rogat
461 1856 623 1894 Georgium
647 1856 850 1890 Anhaltinum,
875 1860 905 1882 ut
927 1855 1087 1882 intercedat
1109 1863 1162 1891 pro
1185 1852 1266 1881 Iusto
1289 1852 1361 1881 Iona
1383 1853 1460 1889 apud
1484 1853 1651 1880 Mauritium
1675 1852 1798 1881 Ducem.

340 1901 471 1928 Vocatur
492 1900 527 1927 ab
551 1899 711 1927 Academia
730 1898 922 1934 Tubingensi,
946 1898 997 1925 sed
1015 1897 1153 1924 retinetur
1175 1906 1274 1924 amore
1298 1896 1455 1923 amicorum
1479 1896 1740 1932 Vitebergensium.

339 1943 497 1980 Viteberga
519 1952 536 1970 a
557 1941 682 1971 Caesare
701 1941 824 1969 traditur
843 1940 979 1968 Mauritio
1003 1939 1095 1975 Duci,
1124 1939 1173 1976 qui
1195 1939 1225 1966 in
1246 1947 1327 1966 suam
1350 1938 1435 1966 fidem
1459 1939 1537 1967 cives
1561 1939 1668 1976 adigit,
1696 1944 1724 1967 et
1742 1938 1956 1967 restitutionem
1979 1938 2158 1966 Academiae

375 1986 517 2024 promittit
537 1985 666 2014 Senatui.

340 2029 448 2057 Rector
472 2029 659 2063 Academiae,
678 2027 791 2064 Caspar
814 2024 963 2063 Crucigcr,
987 2025 1163 2053 Academiae
1186 2025 1321 2053 doctores
1339 2024 1442 2052 litteris
1465 2025 1580 2059 invitat,
1603 2028 1634 2052 ut
1655 2025 1778 2052 redeant
1799 2024 1995 2061 Vitebergam.

340 2072 408 2100 Filii
431 2072 550 2099 Ioannis
574 2071 715 2099 Friderici
738 2069 882 2097 Electoris
906 2069 1084 2105 scripserant
1110 2068 1146 2095 ad
1164 2067 1399 2102 Melanthonem‚
1428 2072 1457 2094 et
1479 2071 1661 2104 rogaverant,
1685 2077 1722 2095 ne
1745 2067 1780 2095 ab
1809 2068 1844 2095 iis
1867 2067 1997 2095 discedat
2018 2067 2056 2094 ad
2079 2066 2162 2095 alios.

374 2115 560 2153 Respondet,
588 2123 619 2142 se
641 2113 729 2142 malle
756 2113 814 2140 illis
834 2121 921 2149 quam
945 2111 1010 2139 aliis
1033 2111 1156 2145 servire,
1185 2119 1278 2147 neque
1298 2110 1372 2138 velle
1401 2111 1430 2138 in
1453 2110 1525 2139 alias
1547 2111 1684 2147 regiones
1708 2110 1873 2145 discedere,
1901 2110 1952 2137 sed
1975 2109 2161 2147 Vitebergam

394 2158 528 2186 roficisci.

341 2168 436 2229 Iugtus
456 2201 542 2229 Ionas
565 2204 684 2228 vocatus
707 2203 749 2226 est
772 2198 809 2225 ad
832 2196 1073 2234 gubernationem
1096 2195 1248 2224 Ecclesiae
1270 2196 1300 2223 111
1326 2196 1434 2234 oppido
1457 2195 1651 2224 Hildesheim.

340 2245 469 2272 Vocatus
492 2247 536 2271 est
557 2243 594 2270 ab
617 2243 718 2270 amicis
736 2241 934 2278 Vitebergam.

341 2287 495 2324 Philippus
513 2285 718 2323 Landgraxius
740 2284 864 2311 Hassiae
887 2282 996 2310 Halam
1019 2282 1100 2309 venit
1123 2281 1158 2308 ad
1179 2279 1345 2310 Caesarem.

340 2330 542 2367 Landgravius
565 2339 596 2357 se
615 2328 731 2356 subiicit
753 2324 874 2354 Caesari
897 2330 925 2353 et
947 2325 1079 2362 captivus
1102 2324 1250 2352 retinetur.

340 2373 510 2401 Melanthon
534 2382 583 2400 rex
586 2376 686 2400 ocatus
709 2380 727 2398 a
748 2369 939 2406 Bugenhagio
964 2372 991 2395 et
1014 2367 1171 2404 Crucigero
1195 2367 1358 2401 constituit
1382 2367 1569 2403 Vitebeigam
1592 2366 1747 2404 proficisci.

340 2416 408 2444 Filii
431 2416 549 2444 Ioannis
572 2414 713 2443 Fiiderici
738 2413 895 2445 Electoris‚
917 2411 1026 2445 monitu
1048 2410 1154 2447 patris,
1178 2410 1213 2437 ad
1237 2409 1452 2437 Melanthonem
1476 2412 1664 2447 scxipserant,
1695 2413 1725 2436 ut
1746 2409 1887 2437 indicaret
1909 2408 2005 2437 locum
2028 2407 2076 2436 ubi
2098 2416 2159 2436 mar-

376 2469 445 2486 nere
469 2459 546 2486 velit.
591 2457 770 2495 Respondet,
793 2465 825 2483 se
847 2455 927 2482 brevi
947 2454 992 2480 WW
985 2464 1032 2481 1111
1027 2463 1116 2480 iriam
1141 2458 1292 2480 tenturum
1313 2457 1341 2480 et
1363 2462 1397 2480 ea
1420 2453 1455 2479 de
1478 2462 1509 2480 re
1533 2462 1599 2480 cum
1621 2453 1657 2480 iis
1680 2452 1913 2489 colloquuturum
1937 2460 2009 2480 esse.

343 2501 378 2529 In
406 2502 474 2529 aula
496 2501 698 2534 WViuiaiQiensi
727 2509 783 2536 quo
808 2499 958 2526 Fontanus
988 2502 1015 2524 et
1039 2495 1160 2523 Frsanci
1156 2505 1213 2523 cus
1236 2495 1424 2523 Burchardus
1455 2499 1664 2530 convenerant,
1693 2495 1868 2524 deliberatur
1892 2495 1928 2523 de
1955 2493 2158 2522 transferenda

376 2545 537 2572 Academia
559 2543 761 2581 Witebergensi
784 2542 813 2569 in
835 2540 972 2578 oppidum
996 2538 1186 2574 Tiiuringiae,
1211 2542 1237 2565 et
1261 2538 1377 2575 quidem
1401 2538 1509 2566 Ienam.

340 2587 448 2617 Caesar
470 2588 572 2615 indicit
590 2587 708 2615 comitia
727 2587 879 2622 Augustae
901 2581 1118 2611 Vindelicorum
1141 2581 1281 2610 habenda.
