2299 2921
145 84 211 118 329
356 84 395 115 11.
417 83 605 118 INDICES.
649 83 689 114 H.
714 82 854 115 INDEX
874 81 1070 116 EPISTOL.
1094 79 1205 114 PHlL.
1228 79 1331 112 MEL.
1354 78 1694 113 ALPHABETICUS
1713 80 1800 113 PER
1822 81 1966 114 INlTIA.

189 179 307 210 carabo
330 184 363 208 ut
384 179 556 209 adolescens
578 179 645 208 huc.
674 178 731 216 ΠΙ,
755 180 826 209 391.

188 222 362 252 Curavimus
384 228 416 251 nt
436 223 504 251 libri
522 222 713 251 mitterentur.
749 222 789 258 II,
813 222 883 253 625.

187 265 235 296 De
257 275 327 295 casu
350 265 498 294 Ambrosii
520 263 610 293 Smid.
644 264 702 300 III,
726 265 777 295 97.

187 309 236 338 De
256 308 380 345 collegio
403 311 502 337 vestro
526 308 596 336 scio.
624 307 667 343 Π,
691 308 762 337 651.

186 352 234 381 De
253 351 456 381 communione
477 351 519 380 sic
543 355 647 379 statuo.
683 350 708 386 Ι,
733 351 804 380 651.

185 394 234 423 De
257 403 401 422 consensu
423 394 587 431 coniugum.
621 393 646 429 Ι,
671 394 762 422 1112.

185 436 234 466 De
257 436 465 466 Cronsvicensi
487 437 616 473 negotio.
651 435 676 471 Ι,
701 437 773 466 944.

185 479 233 508 De
255 480 318 508 iure
341 480 482 508 canonico
504 480 592 509 haud.
629 479 670 514 Π,
694 478 765 509 492.

184 521 233 553 De
253 523 336 552 libris
358 523 483 552 scribam
504 531 579 552 cum.
611 521 652 558 Π,
676 521 725 551 24.

185 566 232 595 De
254 566 373 604 negotio
395 565 633 594 Einsideliorum.
666 564 708 598 II,
733 566 804 595 508.

184 608 233 638 De
255 607 401 638 Osiandro
422 618 481 636 non
503 609 608 637 minus.
642 607 700 643 ΠΙ,
726 608 797 638 830.

184 652 232 681 De
255 652 414 690 pestilitate
436 660 495 679 non
519 655 571 679 est.
605 650 630 685 Ι,
654 651 727 680 487.

184 694 232 724 De
255 694 438 730 Quintiliano
462 695 520 724 fiet.
555 694 580 729 Ι,
605 695 677 723 695.

183 737 232 766 De
254 738 408 773 sententia,
431 747 505 774 quac
528 738 615 775 apud.
644 736 669 771 I,
696 738 765 767 153.

182 779 231 809 De
253 778 350 809 Siluro
373 781 453 818 pisce
472 781 617 808 convenit.
647 779 688 815 Π,
713 780 785 809 738.

183 823 231 852 De
253 828 330 851 statu
352 832 448 851 rerum
471 828 647 852 nostrorum.
681 822 706 858 I,
730 823 802 852 365.

183 864 262 894 Dedi
283 866 420 894 Andreae
441 865 526 894 Iunio
550 867 679 895 Missam.
713 865 754 901 II,
779 865 850 895 562.

182 908 263 937 Dedi
286 909 401 937 cuidam
424 908 560 938 Hallensi
583 909 648 937 civi.
682 907 738 943 ΙΙΙ,
761 909 833 938 451.

183 950 242 980 Dei
264 951 404 980 beneficio
427 952 545 989 collegit
568 952 652 981 vires.
688 951 744 986 111,
769 951 840 980 326.

182 993 265 1022 Dent
285 994 400 1022 facilem
422 995 558 1024 reditum.
592 994 633 1029 11,
657 995 729 1022 388.

183 1036 336 1065 Diaconus
359 1035 542 1066 Coldicensis
565 1037 747 1065 Ambrosius.
782 1035 822 1072 ΙΙ,
843 1036 913 1066 696.

182 1079 242 1108 Die
264 1080 410 1108 dominico
434 1081 569 1118 proximo
592 1080 648 1107 hic.
681 1078 722 1114 ΙΙ,
746 1079 817 1108 608.

183 1121 348 1159 Diligenter
371 1122 492 1160 perlegi,
510 1122 720 1161 *Augustensisn
756 1121 782 1155 Ι,
808 1122 879 1152 639.

181 1163 389 1193 Distinuerunt
410 1174 457 1193 me
479 1165 524 1194 his
547 1166 658 1194 diebus.
693 1165 718 1200 Ι,
741 1165 813 1194 462.

181 1205 293 1235 Distuli
316 1207 353 1235 ad
375 1212 404 1235 te
426 1208 563 1243 scribere,
587 1209 688 1236 donec.
724 1207 749 1243 Ι,
775 1209 845 1238 574.

184 1249 283 1279 Doleo
306 1250 392 1278 etiam
414 1250 477 1288 ipse
499 1250 635 1279 officium.
669 1251 694 1286 Ι,
715 1251 787 1280 567.

184 1292 222 1321 D.
246 1293 348 1321 doctor
365 1293 511 1322 Martinus
534 1294 703 1331 spopondit.
736 1293 762 1329 Ι,
786 1294 836 1323 74.

183 1335 263 1364 Ecce
286 1345 360 1373 quae
383 1341 529 1373 petuntur,
553 1337 652 1365 eariss.
676 1335 755 1374 Spal.
783 1337 809 1371 Ι,
834 1338 906 1367 417.

183 1378 260 1406 Ecce
282 1379 443 1407 versiculos
466 1380 655 1417 quorundam.
690 1379 715 1414 Ι,
740 1380 812 1410 358.

182 1421 290 1450 Editus
313 1427 357 1450 est
380 1422 497 1450 libellus
521 1423 648 1459 quidam.
684 1422 709 1458 Ι,
733 1422 804 1452 273.

182 1463 258 1501 Ego,
282 1465 321 1493 mi
341 1463 402 1502 Sp„
425 1465 512 1493 anxie
534 1475 716 1503 responsum.
751 1465 776 1501 I,
802 1465 872 1495 127.

181 1506 258 1544 Ego,
280 1508 320 1535 mi
343 1505 405 1545 Sp..
429 1512 578 1545 quantum.
603 1508 642 1544 11,
671 1508 718 1537 16.

182 1550 248 1586 Ego
271 1560 341 1578 vero
364 1551 401 1578 ad
420 1551 644 1581 absolutionem.
676 1551 701 1586 Ι,
727 1551 798 1581 607.

182 1592 248 1629 Ego
270 1603 349 1628 vero,
372 1594 412 1621 mi
436 1592 498 1631 Sp.,
523 1599 551 1622 et
573 1603 711 1631 agnosco.
742 1593 766 1626 Ι,
793 1595 842 1624 55.

182 1635 248 1672 Ego
269 1645 349 1671 vero,
372 1636 413 1664 mi
436 1635 496 1674 Sp..
520 1637 594 1665 nihil
617 1646 719 1674 aeque.
753 1635 779 1673 Ι,
803 1638 874 1668 575.

181 1678 248 1716 Ego
270 1688 339 1707 vero
361 1688 420 1707 non
443 1679 539 1708 velim.
574 1680 598 1715 Ι,
625 1681 697 1710 907.

182 1721 348 1750 Enarrandi
371 1721 461 1750 Plinii
483 1723 673 1760 provinciam.
708 1721 733 1758 I,
758 1722 829 1753 202.

183 1764 326 1793 Erasmus
349 1764 385 1792 de
408 1765 501 1794 libero
525 1766 654 1795 arbitrio.
690 1764 714 1801 I,
740 1765 812 1795 673.

184 1806 275 1835 Erras
295 1804 378 1842 ἄττα,
402 1808 441 1835 mi
465 1807 528 1846 Sp.,
551 1809 584 1837 si.
614 1809 638 1843 Ι,
661 1809 711 1838 41.

185 1849 240 1877 Est
260 1850 308 1878 hic
331 1850 474 1887 quispiam
498 1851 647 1888 Magister.
682 1851 736 1887 IV,
761 1851 831 1882 683.

185 1892 250 1920 Etsi
274 1898 384 1922 certum
406 1902 465 1921 non
490 1899 559 1923 erat.
594 1894 634 1929 Π,
658 1895 730 1924 584.

184 1935 251 1964 Etsi
272 1936 403 1972 ineptum
427 1941 471 1965 est
493 1937 601 1974 plures.
637 1937 674 1971 V,
700 1938 771 1966 351.

184 1978 250 2007 Etsi
273 1987 333 2006 non
356 1979 427 2008 satis
450 1980 588 2009 sciebam.
623 1979 679 2015 ΙΙΙ,
704 1980 776 2009 786.

185 2021 233 2049 Ex
256 2019 363 2049 Crema
384 2022 489 2060 scripsi
513 2023 550 2051 ad
574 2027 611 2053 te.
645 2022 703 2058 ΙΙΙ,
728 2021 800 2052 329.

185 2064 233 2092 Ex
256 2063 468 2093 Franeofordia
490 2066 642 2095 nihildum.
677 2064 703 2101 Ι,
727 2066 798 2095 795.

185 2106 233 2135 Ex
257 2106 350 2136 literis
372 2108 430 2136 tuis
451 2108 550 2138 multa.
585 2109 610 2144 Ι,
635 2108 707 2137 362.

186 2149 335 2186 Expertus
358 2159 421 2180 sum
444 2151 664 2180 humanitatem.
698 2151 753 2186 IV,
777 2151 848 2181 827.

185 2191 280 2220 Extra
301 2193 433 2222 ordinem
456 2195 578 2223 mittere.
609 2194 665 2229 III,
689 2194 761 2225 848.

187 2235 308 2272 Fatigat
331 2246 377 2264 me
399 2237 525 2274 integro.
561 2237 586 2273 Ι,
607 2237 678 2266 572.

187 2277 271 2306 Fecit
292 2283 423 2307 amanter
445 2280 582 2318 optimus.
620 2279 644 2315 Ι,
669 2279 740 2309 913.

187 2320 258 2349 Fuit
279 2330 392 2350 mecum
414 2323 462 2351 hic
484 2323 540 2351 his.
577 2323 602 2359 Ι,
627 2323 698 2352 902.

189 2362 288 2399 Gallo,
312 2365 362 2401 qui
384 2365 439 2394 fuit
457 2366 543 2403 apud.
577 2365 617 2401 Il,
642 2366 713 2395 728.

189 2405 314 2435 Gaudeo
336 2412 364 2435 te
386 2409 540 2446 complecti
562 2409 717 2438 Thomam.
752 2408 792 2444 Π,
816 2409 888 2440 937.

191 2447 337 2487 Georgius
360 2451 454 2479 Maior
476 2451 636 2489 pollicetur.
670 2451 726 2487 ΙΠ,
752 2453 844 2482 1090.

191 2491 396 2521 Gratissimam
419 2504 480 2522 rem
503 2494 571 2523 fecit
593 2495 686 2524 nobis.
717 2494 756 2530 H,
780 2495 851 2524 583.

191 2534 397 2565 Gratissimum
419 2537 490 2565 mihi
514 2543 558 2566 est
578 2538 715 2567 officium.
749 2537 805 2574 ΙΠ,
830 2537 900 2568 299.

1221 175 1430 205 Gratissimum
1452 175 1538 204 nobis
1560 185 1673 205 munus.
1708 175 1734 212 Ι,
1758 177 1830 208 728.

1220 218 1411 248 Gratulamur
1434 218 1486 246 tibi
1508 227 1543 246 ac
1565 219 1660 247 nobis.
1693 218 1734 254 Π,
1761 220 1832 251 604.

1220 261 1346 291 Gratum
1370 266 1423 297 est,
1447 262 1526 299 quod
1550 260 1664 290 Heliae.
1698 261 1722 297 Ι,
1748 263 1820 293 448.

1221 304 1346 334 Gratum
1369 305 1499 334 officium
1520 303 1626 340 fecisti,
1649 305 1737 342 quod.
1770 304 1795 341 Ι,
1819 305 1891 335 652.

1220 348 1371 377 Habemus
1393 347 1532 376 hebraica
1553 347 1653 382 biblia,
1676 357 1759 386 quae.
1786 347 1811 384 Ι,
1835 349 1886 378 43.
1922 372 1927 374 .

1219 391 1286 420 Hac
1309 401 1367 420 una
1386 391 1508 420 ratione.
1543 389 1584 426 ΙΙ,
1608 390 1679 420 578.

1219 433 1327 463 Haesit
1348 435 1378 463 in
1401 434 1455 462 hac
1477 433 1586 462 schola.
1620 432 1646 468 Ι,
1671 434 1742 463 785.

1218 477 1295 505 Heri
1317 477 1418 514 accepi
1441 474 1475 506 τὰ
1497 474 1591 517 παρά.
1625 475 1651 511 Ι,
1676 477 1748 507 565.

1218 519 1293 548 Heri
1315 520 1417 558 accepi
1439 524 1504 547 tuas
1527 519 1627 547 literas
1650 517 1791 558 Coburgi.
1825 519 1850 555 I,
1875 519 1947 549 395.

1219 563 1303 598 Heri,
1326 572 1392 591 cum
1412 563 1537 600 primum
1561 563 1687 591 domum.
1723 562 1748 598 Ι,
1773 563 1845 592 569.

1219 605 1295 634 Heri
1314 605 1415 634 literas
1437 610 1502 634 tuas
1525 605 1637 643 adcepi‚
1663 609 1690 633 et
1712 605 1743 633 in
1765 606 1820 635 his.
1853 605 1878 640 Ι,
1903 604 1974 634 570.

1219 648 1278 678 Hic
1300 649 1472 677 adolescens
1495 648 1572 676 bono
1594 649 1722 686 ingenie.
1756 648 1814 685 ΙΙΙ,
1839 648 1910 678 525.

1220 691 1280 721 Hic
1303 691 1473 720 adolescens
1493 690 1628 721 Iacobus.
1663 691 1720 727 ΙΠ,
1745 692 1817 722 596.

1220 734 1280 763 Hic
1302 735 1394 763 bonus
1416 735 1469 769 vir,
1494 735 1549 762 cui.
1584 734 1625 769 Π,
1650 736 1721 764 701.

1220 777 1280 806 Hic
1303 777 1497 815 Wolfgangus
1520 775 1702 806 Smollensis.
1735 777 1792 813 ΠΙ,
1817 779 1888 807 615.

1220 819 1289 849 Hoc
1312 830 1431 858 vespere
1455 830 1521 849 sero
1544 820 1657 858 adcepi.
1693 820 1717 855 Ι,
1740 822 1812 851 458.

1220 862 1318 891 Huius
1341 864 1399 892 diei
1422 863 1656 901 disputationem.
1692 863 1730 899 V,
1757 865 1829 894 397.

1219 905 1309 935 Hunc
1330 906 1443 935 Iustum
1465 906 1647 934 retinuimus.
1676 906 1731 941 IV,
1756 907 1827 936 704.

1219 947 1283 977 Iam
1303 950 1333 977 in
1354 949 1506 986 procinctu
1528 955 1599 977 erat.
1633 949 1658 982 I,
1682 950 1754 979 449.

1219 990 1266 1019 Ill.
1288 991 1419 1029 Principi
1440 992 1579 1030 gratulor.
1613 991 1638 1026 Ι,
1659 991 1731 1021 271.

1219 1033 1265 1062 Ill.
1288 1034 1419 1071 Principi
1438 1035 1549 1072 optima
1572 1035 1679 1063 omnia.
1714 1033 1739 1068 I,
1763 1034 1834 1064 279.

1220 1076 1255 1104 In
1278 1077 1359 1105 aditu
1382 1078 1526 1105 Bavariae
1550 1078 1662 1106 dextra.
1699 1077 1752 1111 IV,
1775 1078 1845 1107 174.

1219 1118 1256 1147 In
1275 1120 1331 1148 ista
1353 1130 1449 1148 rerum
1473 1120 1702 1157 perturbatione.
1736 1119 1761 1155 Ι,
1786 1120 1857 1149 396.

1220 1161 1352 1191 Incertus
1374 1172 1474 1191 rumor
1497 1168 1548 1192 est.
1583 1162 1607 1197 Ι,
1630 1162 1702 1192 442.

1220 1204 1368 1243 Intelligo,
1391 1207 1509 1242 domum
1532 1206 1581 1234 isti
1604 1205 1692 1234 bono.
1726 1204 1767 1240 ΙΙ,
1790 1206 1861 1234 490.

1219 1247 1309 1278 Ionas
1332 1249 1410 1277 misit
1430 1249 1502 1277 mihi
1524 1249 1633 1277 literas.
1669 1248 1708 1283 ΙΙ,
1734 1248 1805 1277 480.

1219 1290 1293 1330 Legi
1316 1292 1515 1329 quaestionem
1538 1292 1574 1320 de
1597 1290 1738 1320 adultera.
1775 1291 1814 1326 V,
1838 1290 1909 1320 250.

1219 1334 1325 1372 Longa
1349 1340 1401 1371 est,
1426 1335 1535 1372 optime
1558 1333 1622 1373 Sp..
1646 1339 1681 1362 et.
1715 1334 1768 1370 IV,
1794 1334 1865 1363 840.

1219 1377 1346 1415 Magnae
1369 1378 1441 1406 mihi
1463 1378 1618 1415 voluptati.
1653 1377 1694 1412 ΙΙ,
1718 1378 1790 1407 716.

1220 1421 1400 1459 Magnopere
1423 1426 1451 1449 te
1470 1430 1532 1456 oro,
1554 1430 1599 1449 ne.
1629 1420 1682 1455 IV,
1707 1421 1778 1449 806.

1219 1464 1359 1501 Magnum
1383 1474 1400 1492 a
1422 1468 1450 1492 tc
1473 1473 1588 1493 munus.
1619 1464 1656 1499 V,
1681 1464 1752 1492 486.

1219 1507 1399 1536 Matthaeum
1424 1517 1482 1535 non
1507 1517 1540 1534 eo
1565 1511 1686 1535 tantum.
1720 1506 1760 1542 V,
1784 1506 1856 1535 353.

1219 1550 1356 1585 Mentiar,
1379 1551 1403 1579 si
1427 1559 1531 1587 negem
1556 1560 1611 1578 me.
1647 1550 1671 1584 Ι,
1697 1547 1778 1588 583.ζ

1220 1593 1288 1621 Misi
1312 1594 1349 1621 ad
1371 1598 1399 1621 te
1422 1593 1567 1621 hebraica.
1595 1593 1620 1628 Ι,
1645 1593 1695 1621 56.

1220 1636 1289 1665 Misi
1312 1646 1377 1665 cum
1400 1637 1473 1665 meis
1496 1646 1539 1665 ac.
1571 1635 1595 1671 I,
1618 1635 1691 1665 895.

1219 1679 1287 1707 Misi
1310 1680 1362 1708 tibi
1384 1680 1541 1717 imaginem
1564 1688 1667 1707 meam.
1701 1677 1727 1713 Ι,
1751 1678 1822 1707 897.

1220 1722 1306 1751 Mitto
1329 1723 1453 1760 primam
1477 1723 1583 1760 operis.
1618 1721 1643 1757 Ι,
1668 1722 1740 1750 462.

1219 1764 1305 1793 Mitto
1328 1766 1442 1794 scholia
1462 1767 1491 1794 in
1515 1765 1663 1794 Osiandri.
1698 1763 1722 1800 Ι,
1746 1764 1817 1794 616.

1220 1808 1307 1836 Mitto
1330 1809 1382 1837 tibi
1406 1810 1477 1837 duas
1502 1808 1715 1837 conciunculas.
1754 1807 1790 1842 V,
1816 1807 1865 1836 66.

1220 1851 1306 1879 Mitto
1329 1852 1391 1886 tibi,
1415 1853 1453 1880 mi
1473 1851 1531 1889 Sp„
1554 1850 1782 1880 constituendae.
1819 1850 1844 1885 I,
1869 1850 1940 1880 612.

1220 1894 1306 1923 Mitto
1327 1895 1379 1922 tibi
1402 1895 1564 1923 orationem
1588 1892 1671 1923 κατὰ.
1705 1893 1728 1928 Ι,
1755 1894 1826 1923 896.

1220 1937 1305 1965 Mitto
1328 1938 1381 1966 tibi
1405 1937 1535 1975 pagellas
1558 1946 1670 1966 recens.
1705 1936 1741 1971 V,
1765 1937 1836 1966 446.

1221 1980 1315 2016 Mitto,
1339 1985 1371 2009 ut
1394 1982 1521 2016 voluisti,
1546 1986 1573 2009 et
1594 1980 1874 2017 interpretationem.
1909 1979 1933 2016 I,
1959 1980 2030 2011 547,

1221 2023 1315 2051 Multa
1337 2023 1496 2052 Dircaeum
1518 2024 1605 2052 levat.
1637 2023 1661 2058 Ι,
1688 2023 1758 2052 76].

1221 2066 1315 2095 Multo
1336 2068 1502 2104 gratissima
1522 2072 1599 2103 sunt,
1620 2076 1704 2104 quac.
1738 2065 1763 2101 Ι,
1787 2066 1858 2095 445,

1221 2109 1289 2137 Nae
1312 2115 1341 2138 tu
1365 2110 1431 2147 plus
1452 2111 1530 2138 satis.
1561 2110 1586 2146 Ι,
1610 2111 1702 2139 1035,

1222 2152 1306 2181 Nihil
1329 2153 1366 2180 ad
1388 2158 1417 2181 te
1440 2153 1597 2182 literarum.
1632 2153 1656 2188 Ι,
1680 2153 1730 2181 49.

1222 2195 1305 2223 Nihil
1329 2196 1439 2231 dubito,
1464 2197 1533 2234 quin
1551 2197 1646 2224 rebus.
1680 2195 1704 2230 Ι,
1724 2195 1795 2224 617.

1222 2238 1292 2267 Non
1314 2239 1346 2267 fit
1368 2240 1523 2268 oblivione.
1552 2239 1576 2274 Ι,
1602 2239 1672 2268 865.

1221 2281 1292 2310 Non
1314 2281 1383 2310 libet
1402 2283 1472 2310 mihi
1495 2282 1646 2320 suspicari.
1681 2280 1705 2316 Ι,
1730 2281 1802 2309 898.

1222 2324 1293 2353 Non
1315 2326 1384 2354 novi
1407 2335 1473 2354 eum
1495 2325 1544 2362 qui
1566 2328 1691 2362 praeest.
1724 2323 1778 2359 IV,
1798 2322 1869 2352 792.

1221 2367 1291 2396 Non
1313 2378 1405 2406 nuper
1426 2369 1584 2406 ingenium.
1618 2367 1643 2401 Ι,
1669 2366 1739 2396 800.

1222 2411 1292 2440 Non
1315 2413 1419 2449 opinor
1441 2416 1469 2439 te
1493 2412 1537 2441 de.
1574 2410 1598 2445 Ι,
1623 2411 1695 2439 794.

1221 2453 1291 2483 Non
1315 2455 1445 2482 veniebat
1469 2455 1499 2482 in
1522 2458 1658 2482 mentem.
1695 2452 1718 2487 Ι,
1743 2451 1814 2481 762.

1221 2497 1362 2526 Nondum
1385 2507 1554 2535 acceperam
1578 2497 1640 2524 heri
1662 2500 1737 2524 tuas.
1771 2494 1796 2530 Ι,
1820 2494 1891 2524 611.

1223 2540 1333 2569 Noster
1355 2540 1403 2569 hic
1426 2550 1488 2569 mos
1510 2540 1573 2568 fuit.
1606 2539 1647 2575 II,
1672 2540 1743 2568 695.

2096 81 2161 114 330
