2299 2921
141 96 206 129 139

140 532 225 562 Febr.

141 789 226 817 Mart.

142 1474 237 1513 April.

187 1604 236 1633 20.

142 1690 211 1718 Mai.

142 1860 207 1889 Iun.

145 2289 199 2318 1u1.

146 2504 225 2541 Aug.

275 322 305 518 ΦΦΦΡΓ

256 429 306 475 22

254 490 299 518 a

286 533 295 541 -ι

280 536 307 562 ,σ

256 618 303 646 12.

258 661 305 689 15.

258 703 305 731 16.

257 745 304 774 27.

277 790 304 816 4.

279 874 308 902 6.

279 917 306 945 7.

784 95 970 127 ΡΗΙΙΛΡΡΙ
994 93 1311 126 MELANTfloNtS
1334 93 1490 125 OPERA.
2087 97 2150 129 140

983 238 1139 270 ANNO
1186 237 1312 270 1559.

332 320 399 348 Mel.
423 319 508 346 mittit
531 326 676 346 carmen
698 317 740 344 de
763 316 902 344 Ioanne
926 316 1103 354 Baptista.

330 363 383 390 Est
405 361 532 399 Lipsiae.

330 403 457 433 Comitia
479 405 630 440 Augustae
649 401 838 435 Vindelicor„
862 401 897 429 ad
922 411 995 438 quae
1019 402 1054 430 ab
1076 403 1211 439 Augusto
1235 402 1325 431 Elect.
1354 400 1501 440 Georgius
1524 402 1685 432 Cracovius
1708 403 1840 432 mittitur.

330 447 498 476 Conventus
522 445 633 473 Fuldac
656 444 816 479 condictus,
840 445 888 481 qui
914 454 983 472 vero
1006 454 1066 473 non
1087 445 1236 482 processit.

326 490 392 518 Mel.
417 489 503 517 mittit
527 488 730 516 orationem
752 487 792 515 de
815 486 1015 515 Ludovico
1040 487 1191 515 Bavaro.

331 533 436 560 Editus
461 537 504 559 est
527 531 600 558 liber
630 530 665 557 ab
702 529 769 557 aula
801 529 987 557 Wimariensi
1015 530 1153 558 adversus
1181 539 1327 558 recessum
1355 531 1559 564 Francot‘ord.,
1596 531 1704 559 dictus:
1741 534 1793 561 ΜΒ
1828 530 2003 565 ἸΒείιηαῑῖὼε
2036 533 2145 567 eoum,

364 575 505 604 tutionssbu
538 595 544 601 .

326 618 448 645 Moritur
472 615 498 644 O
506 576 533 644 tdi
540 626 557 643 ο
580 615 610 643 H
620 625 634 643 e
641 625 659 642 n
666 616 696 643 ri
705 624 720 643 c
728 624 766 643 us
790 615 944 643 Palatinus
965 614 1093 642 Elector.

329 659 416 688 Liber
438 659 668 688 confutationum
692 657 895 686 Wimariensis
917 658 953 685 ab
977 658 1112 694 Augusto
1136 657 1179 685 Et.
1206 658 1329 686 mittitur
1347 659 1538 694 Melanthoni‚
1563 666 1591 687 ut
1615 660 1786 688 sententiam
1807 659 1843 687 de
1867 669 1902 687 eo
1925 667 2008 688 suam
2030 660 2146 691 scribat.

329 703 396 731 Mel.
418 703 478 731 edit
501 702 715 730 enarrationem
738 710 782 738 ep.
806 700 892 728 Pauli
911 701 947 728 ad
970 698 1162 729 Colossenses
1185 699 1310 730 Herlufo
1333 700 1416 729 Troll
1439 702 1618 740 inscriptam.

327 746 396 773 Mel.
421 746 506 773 mittit
530 753 701 781 responsum
725 744 761 771 de
779 743 854 771 libro
878 743 1065 771 Wimariensi
1088 743 1126 771 ad
1149 744 1314 780 Augustum
1338 743 1386 772 Pr.
1410 744 1501 774 Elect.

327 788 499 816 Melanthon
522 790 736 820 commemorat.
759 786 789 813 in
807 785 965 814 Lithuania
986 785 1084 814 multis
1107 786 1209 814 diebus
1231 787 1344 814 stellam
1365 787 1553 824 incognitam,
1574 787 1604 814 in
1624 788 1745 815 meridie
1769 786 1938 824 fulgentem,
1963 796 2148 827 conspectam

366 840 437 859 esse.

332 874 500 902 Victorinus
522 871 675 910 Strigelius
700 876 817 899 vocatur
839 872 871 899 in
894 871 1083 899 Academiam
1102 871 1375 909 Regiomontanam.

330 916 468 954 Philippi,
492 915 670 953 Landgravii
693 914 827 948 Hassiae,
849 914 995 943 sententia
1018 914 1054 942 de
1076 913 1150 943 libro
1175 914 1370 943 Wimariensi.

259 960 414 988 10.—16.
436 960 521 987 Mart.
544 958 711 986 Melanthon
733 957 788 985 fuit
811 957 938 995 Lipsiae.

261 1004 306 1031 17.

263 1090 310 1117 19.

259 1131 307 1159 20.

258 1216 306 1245 21.

258 1302 306 1331 23.

256 1345 305 1373 25.

256 1388 306 1416 26.

282 1476 293 1502 1

274 1518 300 1545 6.

278 1560 306 1588 9.

261 1603 297 1631 21

282 1690 307 1716 1.

276 1733 304 1759 7.

260 1775 307 1802 16.

260 1817 308 1846 25.

262 1862 307 1888 11.

258 1989 305 2018 23.

261 2160 310 2189 26.

261 2204 311 2232 30.

283 2290 310 2318 5.

263 2333 310 2362 19.

261 2375 309 2404 25.

254 2462 303 2489 31.

331 1002 399 1031 Mel.
423 1003 527 1039 accipit
552 1011 589 1029 ex
610 1001 677 1029 aula
698 1000 843 1029 Electoris
866 1000 1004 1028 articulos
1025 1009 1043 1027 a
1068 999 1254 1029 Ferdinando
1277 998 1404 1028 Caesare
1432 1001 1537 1029 missos
1567 1001 1603 1029 de
1630 1000 1692 1028 iure
1721 999 1899 1029 Pontificum
1927 1000 2013 1030 Rom.
2043 1003 2073 1030 in
2095 1002 2147 1030 eli-

367 1045 469 1082 gendis
491 1044 718 1081 Imperatoribus
742 1044 892 1072 Romanis.

334 1087 503 1116 Orationem
526 1087 669 1124 Bordingi
691 1087 727 1114 de
750 1093 842 1115 morte
865 1086 942 1123 regis
966 1085 1072 1113 Danici
1094 1086 1192 1113 recudi
1215 1091 1304 1113 curat.

332 1130 421 1159 Suam
444 1130 616 1159 sententiam
639 1130 674 1157 de
698 1139 775 1158 nova
797 1129 909 1166 synodo
934 1129 1122 1157 convocanda
1145 1129 1244 1156 scribit
1266 1129 1302 1156 ad
1325 1128 1496 1166 Philippum
1515 1128 1644 1165 Landgr.
1666 1128 1801 1157 Hassiae.

332 1174 444 1202 Eodem
466 1174 512 1201 die
535 1173 633 1201 scribit
657 1173 693 1200 ad
716 1172 869 1209 Magnetes
888 1171 1029 1200 Poloniae
1056 1172 1091 1199 de
1115 1171 1245 1199 ecclesiis
1269 1177 1296 1199 et
1315 1172 1423 1200 scholis
1446 1176 1523 1200 recte
1546 1171 1739 1200 instituendis.

331 1217 435 1244 Ioanni
457 1215 576 1245 Cratoni
599 1216 699 1244 scribit
716 1216 751 1243 de
774 1224 827 1243 sua
846 1220 873 1242 et
896 1215 931 1243 de
955 1214 1074 1242 Lutheri
1097 1214 1243 1242 sententia
1267 1214 1303 1242 de
1326 1223 1418 1242 coena
1447 1224 1538 1243 sacra.

331 1260 420 1287 Mittit
443 1269 590 1287 carmen
620 1258 660 1286 de
684 1258 888 1296 Sycamino.

331 1302 434 1331 Editus
458 1306 500 1331 est
522 1301 640 1330 Nicolai
663 1301 820 1329 Amsdorfii
842 1300 969 1334 libellus,
992 1300 1022 1327 in
1043 1308 1101 1336 quo
1124 1299 1288 1328 contendit:
1307 1300 1347 1328 bie
1371 1302 1451 1336 guten
1470 1299 1565 1329 Qette
1584 1300 1658 1335 tenen
1677 1299 1799 1335 idpsum)
1818 1307 1865 1338 gut
1884 1298 2023 1337 &eligteit

329 1346 418 1373 Mittit
440 1345 610 1373 Melanthon
635 1345 840 1372 orationem
870 1343 910 1370 de
935 1351 1142 1379 congressu
1163 1342 1415 1371 Bononiense.

329 1387 444 1426 Captivi
466 1388 646 1416 abducuntur
680 1388 708 1415 in
739 1396 835 1415 arcem
866 1384 1105 1420 Grimmenstein‚
1140 1386 1220 1414 iussu
1256 1384 1347 1414 Ducis
1375 1385 1506 1420 wimar„
1536 1384 1681 1422 Hugelius
1711 1384 1814 1413 Pastor
1844 1384 1973 1414 lenensis
2012 1392 2038 1412 et
2075 1385 2154 1415 vict.

364 1430 525 1469 Strigelius.

300 1497 306 1503 .
330 1474 499 1502 Melanthon
522 1473 670 1511 praefatur
693 1474 721 1500 in
746 1472 807 1501 Osii
832 1472 982 1500 historiam
1006 1470 1088 1500 Sauli
1111 1476 1139 1499 et
1162 1471 1287 1499 Dau'dis
1311 1471 1346 1499 ad
1370 1470 1551 1499 Fridericum
1574 1470 1686 1508 Regem
1707 1469 1830 1498 Danine.

328 1517 419 1545 Mittit
445 1517 574 1555 pagellas
598 1517 633 1544 de
654 1516 745 1544 libero
770 1516 889 1543 arbitrio
919 1519 945 1542 et
969 1514 1004 1542 de
1028 1514 1112 1542 bonis
1135 1514 1282 1552 operibus.

332 1560 419 1588 Mittit
443 1566 554 1597 partem
578 1559 676 1587 iudicii
701 1560 735 1587 de
757 1559 820 1587 iure
841 1558 939 1595 Papae
969 1558 998 1585 in
1023 1557 1164 1595 eligendis
1187 1557 1412 1595 imperatoribus
1436 1557 1471 1585 ad
1497 1557 1604 1585 aulam.

303 1625 309 1631 .
330 1603 450 1640 Lipsiae
473 1611 515 1630 est
539 1603 568 1630 in
588 1607 726 1631 mercatu.

329 1645 397 1674 Hoc
420 1654 519 1674 mense
541 1644 666 1674 Senatus
689 1646 813 1674 Brunsv.
839 1644 1060 1672 Melanthonem
1082 1644 1252 1680 interrogat,
1277 1643 1346 1680 quid
1369 1647 1479 1671 statuat
1502 1643 1538 1670 de
1557 1651 1647 1670 coena
1670 1650 1760 1670 sacra.

330 1688 548 1726 Responsiones
572 1688 770 1717 Melanthonis
791 1688 827 1716 ad
846 1686 982 1715 articulos
1006 1686 1167 1714 Bavaricae
1188 1686 1386 1723 inquisitionis
1410 1686 1541 1714 eduntur.

329 1732 455 1760 Ioannes
478 1732 617 1769 Agricola
641 1732 770 1759 Berolini
793 1731 982 1759 concionatur
1001 1729 1114 1766 publice
1139 1733 1240 1757 contra
1263 1729 1490 1757 Melanthonem.

330 1774 507 1809 Demetrius,
532 1775 682 1803 Diaconus
704 1775 894 1812 Byzantinus,
919 1778 961 1800 est
991 1772 1176 1810 Vitebergae.

334 1817 474 1845 Nondum
495 1818 657 1845 absolutum
682 1822 723 1845 est
742 1818 880 1854 scriptum
903 1817 939 1843 de
958 1815 1024 1843 Iure
1051 1816 1146 1853 Papae
1169 1817 1198 1843 in
1221 1815 1424 1853 Imperatores.

333 1860 398 1890 Mel.
422 1860 536 1888 scribit:
583 1860 692 1897 „Regis
727 1859 922 1887 Maximiliani
956 1858 1067 1886 litteras
1098 1858 1179 1886 vobis
1203 1858 1295 1892 mitto,
1328 1858 1377 1894 qui
1412 1868 1458 1886 me
1492 1858 1529 1885 ad
1564 1858 1794 1886 moderationem
1817 1858 1963 1891 hortatur;
1987 1866 2044 1894 qua
2066 1858 2102 1886 de
2121 1867 2152 1886 re

366 1904 602 1940 splendidissime
624 1903 800 1940 respondere
823 1910 948 1939 possem,
972 1902 1028 1930 nisi
1053 1905 1081 1928 ct
1100 1906 1262 1938 temporum
1286 1905 1314 1928 et
1327 1900 1422 1928 Patris
1444 1905 1469 1928 et
1493 1901 1586 1938 ipsius
1604 1901 1745 1929 rationem
1767 1900 1912 1929 haberem.
1958 1900 2152 1938 Respondebo

366 1950 462 1975 tamen
485 1946 626 1984 aliquid.“

330 1989 436 2018 Invitat
460 1989 640 2018 Ioachimum
663 1988 862 2017 camerarium
896 1988 933 2015 ad
967 1986 1113 2024 publicam
1141 1987 1260 2014 i’euceri
1284 1996 1338 2024 pro
1361 1987 1452 2023 gradu
1476 1987 1702 2024 disputationem
1723 1986 1752 2014 d.
1777 1987 1824 2014 27.
1846 1985 1912 2014 Iun.
1935 1986 2152 2021 instituendam,

368 2042 441 2070 quae
460 2037 555 2061 autem
579 2042 638 2061 non
661 2032 811 2069 processit,
835 2031 903 2068 quia
926 2029 1073 2058 Peueerus
1097 2030 1168 2057 febri
1192 2029 1317 2057 tertiana
1339 2029 1491 2064 laborans,
1521 2029 1658 2067 praetulit
1680 2029 1734 2057 iter
1758 2028 1852 2056 facere
1875 2038 1940 2056 cum
1963 2028 2153 2057 Melanthone

368 2076 396 2103 in
421 2077 543 2113 patriam
567 2085 659 2110 suam,
684 2075 881 2108 Budissinum,
900 2073 1054 2100 arbitratus
1073 2072 1122 2107 (cf.
1149 2083 1192 2110 ep.
1215 2073 1242 2100 d.
1271 2073 1319 2100 18.
1341 2072 1420 2108 Iul.),
1455 2072 1532 2100 aeris
1556 2073 1745 2100 mutationem
1769 2072 1805 2099 ad
1828 2071 2027 2109 depellendam
2051 2071 2153 2099 febrim

368 2119 547 2155 profuturam
571 2128 642 2147 esse.
688 2118 826 2153 (Peuceri
848 2116 994 2154 promotio
1017 2116 1072 2143 fuit
1094 2116 1120 2143 d.
1145 2116 1195 2143 30.
1218 2115 1278 2142 Ian.
1307 2116 1410 2151 1560.)

332 2159 405 2189 Fere
425 2162 480 2190 hoc
499 2162 546 2189 die
566 2162 620 2189 iter
642 2160 849 2197 intergreditur
872 2168 935 2186 cum
960 2158 1089 2186 Peucero
1112 2158 1309 2187 Budissinum.

334 2204 387 2232 Est
406 2204 565 2237 Budissini‚
592 2204 639 2231 ubi
664 2203 816 2240 perscribit
838 2202 977 2230 iudicium
1000 2202 1035 2229 de
1058 2201 1120 2229 iure
1142 2201 1288 2238 Paparum
1311 2203 1340 2230 in
1365 2201 1567 2239 Imperatores,
1594 2200 1670 2237 quod
1693 2204 1796 2237 postea
1818 2199 1862 2236 (d.
1880 2199 1926 2228 10.
1944 2199 1988 2226 vei
2014 2200 2061 2226 11.
2086 2197 2154 2234 iul.)

368 2257 454 2276 manu
477 2248 565 2275 Eberi
588 2246 763 2283 descriptum
788 2246 906 2273 missum
929 2249 972 2272 est
994 2244 1024 2271 in
1047 2244 1143 2272 aulam
1167 2244 1320 2272 Electoris.

331 2290 399 2318 Mel.
424 2298 467 2319 est
489 2290 630 2324 Dresdae,
654 2290 730 2317 unde
752 2290 870 2317 domum
897 2294 1039 2325 properat.

334 2332 450 2361 Coniux
473 2333 605 2368 Peuceri,
625 2342 731 2360 annum
758 2333 807 2360 28.
832 2339 932 2368 agens,
956 2336 1038 2358 sexto
1063 2335 1105 2358 est
1123 2330 1255 2366 gravida.

330 2376 397 2403 Mel.
418 2376 519 2405 scribit
542 2376 578 2404 ad
599 2376 741 2404 amicum:
767 2375 832 2411 „hic
851 2382 945 2402 annus
968 2373 1180 2401 climacteribus
1199 2373 1227 2400 in
1251 2373 1307 2401 hoc
1331 2378 1413 2400 aestu
1438 2372 1520 2400 valde
1543 2371 1716 2409 languefecit
1736 2370 1866 2408 corporis
1889 2370 1947 2398 mei
1969 2370 2055 2397 xires.
2099 2366 2156 2396 ce.

370 2420 436 2447 dam
455 2419 578 2447 libenter
597 2428 633 2446 ex
653 2420 756 2447 horum
774 2423 935 2454 temporum
959 2416 1147 2453 sophistica.“

326 2461 602 2490 Vratislaviensibus
625 2462 724 2490 scribit
744 2462 780 2489 de
799 2470 891 2489 coena
911 2468 1003 2488 sacra.

273 2506 298 2532 1.
323 2503 356 2532 In
379 2505 505 2533 Tomum
528 2504 596 2532 XII.
624 2515 691 2543 opp.
713 2504 834 2532 Lutheri
855 2503 1088 2541 germanicorum
1112 2501 1258 2538 praefatur
1276 2502 1313 2529 ad
1337 2500 1514 2529 Fridericum
1539 2500 1650 2538 Regem
1674 2499 1796 2528 Daniae.

274 2547 303 2574 3.

329 2547 522 2576 Melanthonis
542 2548 634 2576 oratio
655 2548 724 2586 περὶ
745 2545 834 2583 ἕξεως
858 2547 886 2574 in
908 2546 1090 2583 promotione
1110 2545 1243 2572 Andreae
1267 2544 1363 2572 Rosae
1375 2544 1550 2582 Vitebergae
1562 2543 1717 2581 praelecta.
1739 2540 1799 2579 (Cf.
1824 2551 1868 2578 ep.
1887 2541 1914 2569 d.
1940 2542 1987 2570 19.
2014 2540 2105 2576 Aug.)
