2299 2921
149 94 214 127 109

147 190 218 219 Mai.

152 660 218 690 Iun.

152 1087 207 1116 Iul.

150 1303 229 1340 Aug.

150 1343 230 1383 Sept.

148 1643 215 1675 Oct.

149 1815 227 1845 Nov.

149 2286 222 2317 Dec.

936 89 960 120 l.
1005 88 1219 121 ANNALES
1248 86 1394 119 VlTAE.
2105 91 2170 123 110

264 189 312 218 10.
335 187 506 217 Melanthon
530 187 632 215 laudat
653 192 681 215 et
704 187 888 215 commendat
910 185 1132 220 Peucerum,
1156 185 1352 213 convictorem
1375 193 1470 213 suum.

269 233 317 261 11.
340 231 410 259 Mcl.
433 229 584 268 praefatur
606 229 637 257 in
661 229 825 257 Ptolemaei
848 229 1069 257 mathematicae
1092 227 1316 257 constructionis
1338 226 1445 255 librum
1467 225 1503 262 1.‚
1526 235 1630 264 graece
1654 229 1683 254 et
1704 225 1796 253 latine
1820 225 1929 254 editum
1951 235 2004 264 per
2016 227 2169 258 Erasmum

395 273 620 302 aalveldensem.

341 273 409 345 Hffc
432 320 561 352 tempore
574 315 673 343 acrius
696 315 788 342 oritur
810 314 968 351 disputatio
992 314 1028 341 de
1051 313 1129 341 linea
1152 317 1241 348 veste,
1264 313 1326 341 sive
1348 312 1434 349 Alba,
1457 321 1515 349 qua
1536 311 1580 340 uti
1603 310 1746 340 debebant
1767 315 1901 349 pastores
1923 312 2005 340 iussu
2027 312 2172 343 Electoris

373 359 404 387 in
427 358 658 386 administranda
678 366 770 385 coena
793 366 882 385 sacra.
926 356 1093 391 Putabam,
1117 357 1172 385 hoc
1207 365 1270 384 esse
1303 356 1427 384 reditum
1457 355 1494 383 ad
1527 354 1707 383 ceremonias
1738 354 1909 391 papisticas‚
1947 364 2016 392 prae
2050 357 2172 385 caeteris

335 408 337 411 ’
372 402 479 430 Pastor
512 400 737 438 Torgaviensis‚
771 399 930 428 Gabriel
953 399 1133 436 Zwilling
1154 398 1345 437 (Didymus)⁷
1380 399 1500 436 eiusque
1529 397 1681 426 Diaconus
1710 397 1813 427 Mich.
1842 395 2043 427 Schulzius
2070 398 2173 436 (Prae-

374 445 490 480 torius).

268 487 319 518 22.
343 486 481 521 Sabinus,
502 494 593 523 gener
615 485 823 521 Melanffionis,
847 485 967 514 filiolam
991 494 1072 513 suam
1103 495 1120 513 a
1142 485 1331 513 Melanthone
1366 484 1522 513 educatam
1555 492 1652 512 secum
1682 484 1859 513 abducturus
1893 487 1936 512 est
1958 483 1989 512 in
2013 484 2170 513 Prussiam.

374 530 454 568 (Vid.
478 539 525 566 ep.
549 529 576 557 d.
604 529 652 556 10.
675 528 746 564 Iul.)

267 573 316 603 25.
339 573 407 601 Mel.
431 572 564 606 Alberto‚
582 570 661 599 Duci
683 571 832 606 Pmssiae,
851 571 952 599 scribit
976 571 1012 599 de
1035 569 1157 599 Lutheri
1179 571 1267 599 vidua
1289 575 1317 598 et
1339 570 1448 598 liberis.

267 617 316 646 27.
340 616 511 645 Melanthon
535 614 634 642 scribit
657 614 727 642 Vito
750 614 909 643 Theodoro
933 614 1121 651 epitaphium.

347 659 470 687 Ineunte
494 657 578 685 Iunio
600 656 668 685 Mel.
692 662 806 686 atroces
829 658 917 685 sentit
940 657 1057 685 dolores
1078 666 1114 684 ex
1138 656 1250 684 calculo
1271 660 1361 685 ortos.

290 704 318 732 9.
342 701 499 730 Flacius
522 699 714 737 Magdeburgi
738 700 867 738 plaustra
890 701 1082 729 convitiorum
1107 700 1166 728 edit
1187 700 1217 727 in
1240 700 1374 727 doctores
1402 698 1636 735 Vitebergenses.

266 746 314 774 10.
336 744 509 773 Melanthon
532 743 621 771 mittit
647 742 777 781 Georgio
800 743 849 770 Pr.
872 743 1034 771 Anhaltino
1057 743 1219 771 orationem
1243 743 1278 770 de
1301 742 1385 770 Pauli
1408 741 1502 770 dicto:
1539 746 1646 778 „typus
1676 742 1757 768 est0“
1793 745 1846 769 etc.
1887 739 1961 769 Item
1990 741 2103 770 initium
2126 751 2172 770 ca-

375 787 518 821 techismi,
543 796 629 823 quem
652 786 809 824 scripserat
833 786 944 814 filiolae
966 796 1044 814 suae.

339 829 502 859 Gabriel
526 828 724 866 Zwilling,
747 830 853 858 Pastor
875 829 1014 866 Torgav.,
1038 833 1065 856 et
1088 829 1151 856 eius
1174 827 1325 855 Diaconus
1357 826 1463 856 Mich.
1499 825 1679 861 schulze,
1710 827 1759 862 qui
1792 827 2014 862 contendebant,
2048 827 2172 856 idolola-

378 873 464 901 triam
488 881 560 907 esse,
585 871 627 899 uti
648 872 679 899 in
700 881 784 900 sacra
799 882 890 900 coena
912 872 991 899 linea
1013 875 1104 906 veste,
1118 871 1293 907 Vitebergae
1314 874 1391 905 sunt,
1421 871 1472 898 sed
1494 869 1600 898 frustra
1622 874 1777 898 monentur
1800 879 1817 897 a
1838 869 1998 907 Theologis
2020 869 2171 908 Vitebcrg.

275 917 321 945 12.
346 915 527 950 Melanthon,
551 915 761 952 Bugenhagius
784 920 812 943 et
835 915 999 949 ForsteruS‚
1036 915 1116 942 iussu
1151 913 1306 947 Electoris‚
1332 913 1460 950 Torgam
1495 922 1526 941 se
1548 912 1708 947 conferunt⁷
1741 917 1772 940 ut
1801 917 1937 940 moneant
1970 913 2122 941 Pastorem
2145 918 2174 942 et

378 957 544 986 Diaconum
568 958 653 985 huius
677 959 766 993 urbis,
788 968 825 986 ne
848 957 989 995 populum
1013 957 1158 985 concitent
1186 957 1325 984 adversus
1348 956 1470 984 formam
1494 957 1685 993 Agendorum
1708 965 1857 984 sacrorum
1874 965 1990 984 novam.
2014 972 2054 976 -
2073 956 2108 984 In
2130 956 2173 985 lo-

380 1011 444 1029 cum
468 1000 603 1034 Diaconi,
627 999 766 1035 Schulzii,
790 1010 859 1029 mox
882 1000 1019 1028 suffectus
1044 1004 1086 1027 est
1110 998 1301 1036 Georgius
1330 998 1442 1027 Mohr.

270 1045 320 1073 22.
344 1044 513 1072 Melanthon
537 1043 648 1071 calculo
671 1043 793 1073 laborat.

292 1089 319 1115 4.
343 1087 478 1115 Edictum
503 1086 630 1114 Mauritii
654 1085 808 1120 Electoris,
832 1095 890 1123 quo
913 1085 1012 1119 iubet,
1035 1090 1066 1112 ut
1089 1093 1190 1113 omnes
1213 1084 1350 1113 Pastores
1370 1093 1446 1112 nova
1469 1085 1658 1121 Agendorum
1691 1093 1837 1112 sacrorum
1873 1084 1975 1120 forma,
2008 1085 2072 1121 ipso
2106 1094 2172 1122 pro-

374 1130 514 1167 mulgata,
540 1133 666 1156 utantur.

401 1172 479 1209 (5341ss
499 1173 661 1208 sotienssnnte
681 1172 791 1201 steine
813 1171 834 1204 3
849 1173 1002 1207 nterim.)

288 1217 316 1245 5.
340 1215 476 1244 Edictum
500 1215 623 1243 Henrici
646 1214 696 1249 IL,
719 1215 810 1252 Regis
832 1213 959 1249 Galliae,
979 1218 1082 1242 contra
1104 1213 1316 1242 Protestantes.

266 1259 317 1288 26.
339 1259 512 1286 Melanthon
536 1263 656 1286 vocatus
680 1262 723 1286 est
744 1258 775 1285 in
797 1258 987 1285 Academiam
1011 1257 1251 1285 Rostochianam.

339 1302 421 1330 Mota
441 1302 499 1329 iam
522 1306 566 1329 est
587 1301 785 1329 controversia
806 1300 1001 1328 Osiandriaca
1023 1301 1059 1328 de
1082 1300 1296 1334 iustificatione,
1315 1298 1514 1336 Regiomonti.

340 1344 465 1372 Ineunte
489 1353 587 1372 mense
607 1353 672 1371 cnm
696 1343 847 1372 Ioachinio
871 1341 1042 1371 Canierario
1065 1343 1118 1371 fuit
1140 1343 1171 1370 in
1195 1342 1272 1377 aula,
1305 1342 1464 1370 accersitus
1487 1341 1523 1369 ad
1547 1341 1688 1378 quasdam
1711 1341 1746 1369 de
1770 1341 1870 1369 schola
1892 1340 2128 1371 deliberationes.

285 1388 314 1417 9.
337 1387 407 1416 Mel.
431 1387 518 1415 mittit
540 1387 747 1415 orationem
770 1387 812 1414 de
835 1386 1057 1423 Crucigero‚
1089 1391 1117 1413 et
1139 1385 1403 1423 panegyricum
1434 1385 1476 1412 de
1498 1384 1640 1412 Ioanne
1663 1384 1843 1421 baptista.

268 1432 316 1460 19.
339 1431 409 1459 Mel.
430 1435 458 1458 et
480 1429 691 1466 Bugenhagius
720 1430 942 1458 concionatores
965 1429 1188 1464 Berolinenses,
1223 1429 1258 1456 de
1292 1432 1414 1466 peccato
1448 1427 1570 1465 originis
1604 1428 1634 1455 in
1670 1427 1764 1455 Maria
1798 1427 1910 1465 virgine
1944 1427 2100 1465 litigantes,
2133 1428 2171 1456 ad

374 1473 561 1502 concordiam
587 1473 724 1500 tuendam
748 1473 911 1501 hortantur.

340 1516 408 1545 Mel.
433 1517 464 1543 in
489 1525 571 1544 usum
595 1515 759 1544 Bernhardi
781 1515 917 1553 Zieglcri,
940 1515 1113 1553 Lipsiensis,
1136 1514 1237 1543 scribit
1258 1514 1541 1552 propositiones
1564 1513 1609 1542 de
1632 1513 1753 1541 Esaia.

339 1557 472 1596 Georgio
494 1558 656 1586 Anhaltino
676 1559 775 1587 scribit
797 1559 1019 1587 concionem
1042 1559 1085 1586 de
1107 1557 1318 1596 Sycomoro.

264 1602 315 1632 29.
337 1601 457 1630 Initia
479 1601 680 1630 doctrinae
711 1602 907 1639 physicae,
930 1601 1132 1638 Meienburgio
1153 1602 1259 1636 dicata,
1282 1600 1434 1638 prodeunt.

290 1647 317 1674 1.
338 1645 537 1673 Melanthonis
560 1644 675 1672 litterae
699 1645 735 1672 ad
759 1645 890 1673 Flacium
919 1644 1079 1683 Illyricum.

285 1688 312 1717 6.
336 1688 516 1726 Expatiatur
538 1688 575 1715 ad
599 1686 759 1725 Georgium
783 1688 987 1722 Anhaltinum,
1010 1688 1149 1724 Episcop.
1172 1687 1454 1723 Merseburgenscm.

336 1729 469 1769 Georgio
492 1730 613 1758 Anhalt.
638 1731 738 1759 scribit
760 1731 922 1759 orationem
943 1731 1115 1768 synodicam
1147 1730 1182 1758 de
1214 1730 1290 1758 dicto
1320 1728 1419 1756 Pauli:
1445 1728 1568 1766 „probet
1590 1727 1790 1764 unusquisque
1812 1736 1885 1764 opus
1908 1729 2008 1755 sunm“
2041 1732 2094 1755 etc.

265 1775 312 1803 16.
334 1773 490 1802 Cruciatur
512 1784 530 1801 a
553 1773 673 1802 calculo.

290 1819 316 1847 1.
340 1817 494 1845 Praefatur
515 1817 544 1844 in
565 1816 671 1844 librum
695 1816 838 1854 Kragenii
861 1817 896 1844 de
919 1817 1047 1854 imagine
1076 1816 1142 1844 Dei.

289 1861 318 1888 4.
341 1860 430 1887 Mittit
454 1860 596 1896 quaedam
619 1861 716 1898 capita
734 1860 940 1897 disputationis
963 1860 999 1887 de
1023 1859 1084 1887 filio
1105 1858 1171 1886 Dei.

336 1902 403 1931 Hoc
426 1907 556 1939 tempore
580 1903 767 1931 Antonius
802 1901 904 1937 Otto,
939 1903 1045 1931 Pastor
1078 1901 1305 1936 Norssrusanus,
1332 1899 1531 1928 Melanthonis
1564 1898 1776 1937 praefationem
1800 1899 1996 1935 germanicam
2029 1898 2059 1926 in
2092 1899 2171 1927 Acta

371 1945 511 1982 colloquii
534 1944 756 1974 Ratisbonensis
774 1946 874 1973 recudi
897 1946 1020 1980 curavit,
1038 1945 1185 1982 adspersis
1207 1945 1327 1973 scholiis
1350 1945 1379 1972 in
1403 1941 1609 1972 contumeliam
1634 1941 1828 1970 Melanthonis
1850 1942 1975 1978 scriptis.

264 1989 311 2018 10.
332 1989 456 2016 Moritur
479 1988 589 2016 Paulus
611 1987 678 2024 111„
710 1988 859 2017 Pontifex.

265 2033 314 2061 14.
338 2031 509 2060 Melanthon
534 2031 729 2068 proficiscitur
750 2031 880 2068 Lipsiam
908 2036 936 2058 et
958 2036 1078 2059 vocatur
1095 2030 1250 2059 Dresdam.

268 2076 317 2104 19.
341 2075 407 2103 Mel.
432 2079 474 2103 est
497 2073 638 2102 Dresdae.
684 2073 869 2102 Deliberatur
901 2075 930 2102 in
964 2074 1032 2102 aula
1053 2075 1089 2102 dc
1108 2074 1217 2111 scripto
1240 2077 1342 2102 contra
1360 2071 1492 2101 Flacium
1515 2072 1634 2108 eiusque
1657 2070 1788 2099 adseclas
1811 2069 1979 2105 emittendo,
2000 2078 2086 2106 quam
2107 2078 2168 2098 rem

376 2117 546 2145 Melanthon
570 2117 728 2146 dissuadet.

267 2159 318 2189 20.
341 2159 513 2190 Cardinales
536 2166 606 2188 eunt
628 2161 658 2188 in
681 2159 828 2194 conclave,
858 2159 977 2187 electuri
1000 2169 1108 2188 novum
1132 2159 1310 2188 Pontificem.

339 2202 399 2232 Sub
423 2205 510 2231 finem
534 2204 642 2232 mensis
664 2203 834 2232 Melanthon
857 2203 944 2230 rediit
966 2202 1164 2240 Vitebergam.

341 2246 479 2275 Paulus
497 2245 635 2284 Fagius
658 2247 781 2275 moritur
804 2245 873 2273 exul
896 2245 1103 2282 Cantabrigiae
1126 2246 1157 2274 in
1180 2245 1298 2283 Anglia.

270 2289 318 2317 10.
340 2288 543 2318 Ferdinandus
567 2290 633 2318 Rex
656 2289 791 2327 postulat,
815 2294 846 2316 ut
870 2288 924 2316 sibi
947 2289 1078 2317 mittatur
1100 2289 1194 2317 torma
1214 2289 1405 2324 Agendorum
1428 2295 1577 2316 sacrorum
1600 2294 1617 2312 a
1641 2283 1771 2321 Georgio
1794 2283 1957 2311 Anhaltino
1981 2283 2096 2321 scripta.

268 2332 316 2360 17.
339 2332 512 2361 Melanthon
528 2334 687 2371 respondet
709 2331 877 2370 proceribus
901 2332 1074 2366 Austrimis,
1099 2332 1148 2368 qui
1169 2332 1206 2360 ad
1229 2341 1294 2360 eum
1318 2332 1494 2369 scripserant
1524 2330 1560 2358 dc
1583 2327 1696 2366 synodo
1716 2325 1940 2364 Salisburgensi.

267 2373 317 2403 20.
341 2373 471 2412 Georgio
495 2376 657 2404 Anhaltino
680 2376 781 2404 scribit
803 2376 972 2403 concionem
996 2375 1032 2402 de
1055 2375 1146 2402 dicto:
1173 2384 1276 2411 ⁷,nemo
1298 2375 1393 2412 rapiet
1413 2383 1483 2403 oves
1512 2382 1548 2401 ex
1572 2370 1704 2399 manibus
1726 2370 1827 2398 meis.“

342 2418 433 2446 Mittit
456 2418 685 2455 disputationem
713 2420 754 2447 de
777 2417 958 2446 Iubilaeo.
