2299 2921
118 139 182 172 389
614 137 667 169 ΙΙΙ.
712 135 942 168 REPETITIO
965 133 1282 166 CONFESSIONIS
1304 131 1622 165 AUGUSTANAE.
2058 131 2122 163 390

119 234 246 265 sionem
269 237 482 274 peccatorum
504 231 629 262 habere
651 240 718 261 non
741 230 853 270 possis
875 230 938 260 nisi
961 239 1020 270 per
1042 229 1093 260 In·
1144 238 1207 260 nos
1230 227 1353 270 indigni
1378 236 1505 265 sumus,
1529 231 1561 257 et
1583 231 1617 257 ut
1639 231 1734 267 pater
1755 231 1892 268 propter
1915 226 2022 267 ipsum
2045 236 2119 267 pas-

120 275 320 317 dulgentiam
344 274 418 312 Dei,
441 274 508 305 Sed
531 274 627 311 adde,
650 279 685 304 vt
708 273 826 304 credas
851 279 883 303 et
905 273 981 310 hoc,
1004 272 1093 314 quod
1144 281 1235 309 sum,
1268 270 1500 301 resuscitatum
1536 271 1630 306 et07)
1663 269 1894 310 deprecantem
1927 279 1988 310 pro
2022 270 2119 300 nobis

119 329 180 360 per
208 320 315 360 ipsum
344 323 484 358 peccata
507 316 577 347 Tibi
606 317 778 347 donantur.
824 315 897 346 Hoc
925 320 976 346 est
1004 314 1093 346 testi·
1145 314 1220 352 [fol.
1240 314 1316 352 301’]
1341 319 1372 344 et
1396 313 1597 344 habitantem
1622 312 1655 342 in
1678 313 1775 343 nobis
1786 314 1839 348 ⁵3)
1863 322 1904 343 ac
1923 311 2120 342 vestientem

120 363 264 393 monium
301 361 388 401 quod
421 359 572 399 perhibet
596 358 737 400 Spiritus
765 364 901 388 sanctus
931 358 963 388 in
991 357 1093 388 corde
1143 367 1207 388 nos
1230 366 1293 387 sua
1314 356 1454 393 iusticia,
1478 362 1569 386 certo
1580 356 1633 389 ⁵⁹)
1663 355 1705 385 sit
1732 354 1901 396 propicius
1925 353 2002 385 huic
2025 354 2121 385 mise-

120 411 195 442 tu0‚
230 404 343 435 dicens
351 425 361 440 ,
396 401 542 433 Dimissa
577 408 653 432 sunt
668 403 719 438 ⁴⁵)
759 401 816 431 tibi
854 405 991 441 peccata
1026 406 1092 430 tua.
1143 409 1202 430 rae
1224 409 1356 430 massae
1376 399 1531 440 indignae
1554 403 1586 428 et
1604 396 1724 438 plenae
1737 398 1896 435 sordium,
1920 398 2012 428 iuxta
2029 395 2122 435 illud,

121 447 201 486 [fol.
224 447 304 483 ⁶292]
351 445 408 476 Sic
439 445 523 476 enim
554 444 731 475 arbitratur
757 442 960 484 Apostolus,
991 443 1093 484 gratis
1145 440 1246 473 Nulla
1269 451 1357 473 nunc
1380 440 1612 473 condemnatio
1635 446 1686 471 est
1709 439 1760 471 his
1779 440 1834 481 qui
1853 440 1885 470 in
1898 439 2033 471 Christo
2047 439 2122 471 lesu

120 489 293 521 {ustificat-i
322 487 486 518 hominem
520 496 578 527 pei·
611 486 719 518 tidem.
770 485 804 516 In
839 486 902 516 hoc
918 487 970 522 ⁴⁶)
1004 486 1093 516 dicto
1145 483 1324 515 ambulant.
1359 484 1547 515 Absurdum
1571 488 1621 514 est
1643 483 1804 521 etiamfi0)
1827 482 1915 524 quod
1935 483 2046 513 dicunt
2063 492 2122 513 no-

120 533 295 574 perspicue
318 537 350 561 et
372 531 505 571 proprie
535 530 653 560 citatur
681 529 844 560 sententia
867 527 1094 559 Ecclesiarum
1144 533 1235 558 strae
1258 527 1458 568 indignitatis
1483 536 1586 558 causa
1605 525 1820 557 dubitandum
1833 535 1924 562 esse,
1948 525 2023 556 Non
2037 525 2122 555 enim

119 580 319 611 nostrarum,
341 572 383 604 Et
406 578 519 604 extant
542 570 658 603 similia
685 572 873 603 testimonia
895 571 983 611 apud
1006 570 1095 602 hunc
1145 569 1359 600 dubitandum
1383 575 1443 606 est,
1465 579 1508 599 an
1531 567 1703 610 displiceat
1726 568 1917 610 indignitas,
1941 567 2009 599 Sed
2033 567 2122 598 veris

120 619 342 654 autorem-⁴⁷)
1145 612 1321 654 gemitibus
1344 610 1507 643 fateamur
1529 621 1591 642 nos
1615 611 1769 653 indignos
1797 621 1874 642 esse
1908 617 1939 642 et
1973 619 2122 651 oppona-

208 658 352 691 Basilius
366 659 461 690 etiam
477 657 706 699 proprijssime
726 657 842 688 recitat
860 661 1007 687 nostram
1021 665 1094 686 sen·
1145 665 1219 686 mus
1230 658 1242 675 ⁶
1254 658 1281 692 ¹)
1294 655 1560 695 promissionem,
1572 655 1624 686 cui
1637 654 1795 685 adsentiri
1804 654 1993 685 mandatum
2000 653 2052 684 dei
2060 658 2123 684 est.

122 704 256 734 tentiam
279 704 313 733 in
337 702 497 732 concione
526 701 567 731 de
594 699 776 731 humilitate
806 699 856 730 his
880 698 1004 735 verbim
1030 698 1093 733 Qui
1118 667 1122 728 Ι
1232 697 1301 729 Nec
1324 704 1414 728 recte
1427 697 1698 728 accommodatur
1712 697 1754 728 ad
1778 697 1865 727 hanc
1888 696 2125 728 dubitationem

123 745 295 788 gloriatur,
319 745 351 775 in
374 744 505 774 domino
529 742 706 784 glorietur,
729 743 862 780 dicens,
889 742 978 783 quod
1001 740 1094 772 Chri·
1118 738 1122 780 ξ
1145 741 1309 771 sententia
1331 741 1364 770 in
1388 739 1668 778 Ecclesiaste‚⁶²)
1703 739 1820 770 Nescit
1838 739 1938 770 homo
1955 749 1997 770 an
2011 747 2126 770 amore

122 794 194 819 stus
216 787 312 818 nobis
335 785 441 817 factus
460 787 502 817 sit
525 785 684 826 sapientia
704 795 724 816 a
745 785 820 822 deo,
842 784 975 815 iusticia
990 784 1041 821 48)
1063 788 1095 814 et
1117 781 1122 825 Ι
1147 782 1221 821 [fol.
1251 782 1324 821 31³]
1354 781 1408 813 uel
1436 783 1512 813 odio
1541 782 1660 824 dignus
1694 783 1747 813 sit.
1799 782 1952 813 Amentia
1981 786 2033 812 est
2066 780 2124 812 fin-

122 829 340 861 sanctificatio
363 835 395 859 et
418 830 610 869 1·edcmpti0‚
635 829 719 859 sicut
748 829 905 868 seriptum
928 832 998 863 est,
1031 825 1094 860 Qui
1114 829 1122 903 j
1146 835 1225 867 gere
1248 824 1524 861 Salomonemw)
1547 825 1612 855 hoc
1635 823 1736 863 velle,
1764 834 1827 856 nec
1856 825 1963 855 iustos
1993 833 2055 855 nec
2078 825 2124 854 in-

121 872 295 914 gloriatur‚
315 873 347 902 in
371 872 502 903 domino
524 871 694 912 glorietur.
728 870 819 901 Haec
842 875 894 901 est
916 869 1000 900 enim
1023 878 1095 909 per·
1144 869 1253 899 iustos
1278 868 1400 898 debere
1428 874 1574 898 statuere
1603 878 1644 898 an
1674 866 1827 908 placeant
1853 869 1974 903 aut⁶⁴¹>
2010 865 2125 907 displi-

120 916 212 948 fecta
240 921 272 946 et
299 915 427 956 integra
461 913 612 956 gloriatio
646 915 678 944 in
713 914 795 951 deo,
829 912 961 954 quando
990 920 1096 952 neque
1119 905 1123 944 Ε
1145 916 1243 942 ceant
1267 911 1348 947 deo,
1382 920 1456 941 cum
1486 911 1705 941 certissimum
1733 910 1775 940 sit
1803 915 2061 951 perseuerantes
2091 910 2125 940 in

121 963 257 1000 propter
294 958 455 988 iusticiam
501 967 595 988 suam
611 958 663 993 ⁴⁹)
709 956 905 997 quibusdam
950 953 1095 990 effertur,
1146 952 1330 984 sceleribus
1354 958 1472 983 contra
1495 953 1731 984 conscientiam
1751 952 1929 993 displicere
1946 951 2031 983 deos
2055 952 2125 984 Sed

123 1001 202 1041 [fol.
232 1000 305 1038 29b]
336 1000 396 1031 sed
423 1001 576 1042 agnoscit
603 1001 742 1036 sese50)
769 998 917 1040 indigere
939 1006 1018 1027 vera
1046 996 1095 1027 Iu·
1146 996 1279 1027 abducit
1301 1005 1364 1026 nos
1388 994 1611 1030 Salomonfffi)
1641 1005 1660 1026 a
1683 994 1884 1037 spectaculis
1911 996 2058 1026 externis
2082 995 2125 1026 ad

122 1045 230 1081 sucta,
252 1043 333 1074 Fide
354 1045 525 1080 autem⁵¹)
547 1041 622 1073 sola
645 1042 677 1072 in
701 1040 869 1072 Christum
893 1039 1074 1070 iustificari.
1146 1039 1283 1069 verbum
1309 1038 1378 1075 dei,
1412 1038 1507 1079 quasi
1531 1038 1636 1075 dicat,
1669 1048 1711 1069 ex
1741 1039 1841 1069 rebus
1869 1038 2027 1069 secundis
2057 1047 2125 1068 non

209 1086 291 1117 Cum
314 1086 412 1127 igitur
435 1095 476 1116 ex
496 1086 548 1116 his
573 1094 656 1125 quae
680 1084 830 1117 dictast)
862 1088 938 1112 sunt
963 1081 1096 1113 manife-
1146 1087 1276 1112 statuas
1310 1086 1342 1111 te
1375 1079 1510 1122 placere
1545 1081 1608 1112 deo
1636 1090 1699 1112 nec
1728 1086 1864 1122 propter
1885 1090 1939 1112 res
1962 1081 2125 1111 aduersas

123 1135 209 1160 stum
227 1129 280 1166 sit,
305 1128 381 1170 quid
400 1128 565 1169 significet
581 1126 781 1158 vocabulum
804 1125 879 1156 fidei
897 1125 929 1156 in
947 1125 1010 1155 hac
1022 1134 1096 1165 pro·
1147 1123 1334 1165 displicere,
1358 1124 1431 1154 Non
1455 1123 1529 1154 ideo
1559 1122 1668 1163 placet
1690 1122 1901 1161 Alexander,
1924 1125 2000 1165 quia
2023 1123 2126 1154 vincit

122 1172 299 1214 positione,
334 1170 414 1201 Fide
441 1170 674 1207 iustificamur,
709 1169 786 1200 hinc
818 1166 957 1209 intelligi
985 1172 1096 1208 potest
1147 1173 1180 1198 et
1203 1177 1324 1209 magno
1348 1167 1484 1207 imperio
1507 1168 1640 1207 potitur.
1686 1166 1742 1197 lob
1771 1167 1802 1197 in
1826 1165 2028 1204 calamitate,
2058 1165 2126 1197 Da-

122 1215 309 1256 perniciose
332 1223 444 1244 errare
456 1215 508 1251 53)
540 1212 725 1244 Monachos
749 1221 780 1243 et
804 1210 886 1242 alios
908 1211 962 1252 qui
984 1212 1097 1241 iubent
1120 1201 1124 1258 J
1148 1210 1201 1241 uid
1224 1210 1256 1240 in
1280 1208 1379 1240 exilio
1409 1219 1475 1240 non
1504 1210 1578 1240 ideo
1606 1214 1751 1240 statuant
1775 1219 1812 1240 se
1835 1209 1984 1240 abiectos
2007 1218 2084 1240 esse
2107 1218 2128 1239 a

124 1266 308 1288 conuersos
331 1257 372 1286 ad
396 1256 492 1286 deum
515 1256 664 1287 dubitare
688 1265 730 1286 an
753 1254 906 1295 placeant
930 1254 1004 1284 deo.
1120 1261 1123 1292 ι
1148 1252 1235 1290 Deo,
1258 1253 1335 1294 quia
1358 1258 1435 1283 sunt
1457 1252 1661 1289 aerumnosi,
1690 1252 1765 1282 Non
1790 1252 1870 1290 [fol.
1896 1252 1959 1282 31b
1979 1255 1986 1289 Ι
2011 1262 2052 1282 ex
2075 1251 2127 1282 his

211 1299 306 1329 Hunc
334 1297 502 1338 vulgarem
533 1308 678 1329 errorem
706 1299 747 1328 de
774 1296 975 1329 dubitatione
997 1296 1097 1326 mani—
1121 1306 1126 1360 l
1149 1295 1322 1326 euentibus
1345 1305 1405 1326 seu
1428 1296 1574 1326 externis
1597 1293 1798 1335 spectaculis
1823 1295 1978 1331 iudicent,
2001 1295 2061 1325 sed
2085 1304 2128 1325 ex

125 1340 212 1372 feste
234 1340 378 1372 refutant
400 1340 484 1371 haec
505 1341 604 1378 dicta,
626 1340 791 1371 iustificati
815 1339 880 1370 fide
902 1349 1018 1379 pacem
1041 1338 1098 1369 ha·
1150 1340 1253 1369 verbo
1277 1338 1339 1369 dei.
1386 1337 1491 1369 Etiam
1520 1339 1552 1368 in
1580 1338 1687 1369 media
1715 1336 1898 1370 calamitate
1929 1336 2128 1375 offertur-⁵⁶)

127 1385 252 1415 bemus.
288 1383 366 1413 ltem
378 1384 455 1414 Ideo
469 1393 509 1414 ex
522 1382 597 1420 fide,
619 1389 654 1414 ut
672 1383 714 1414 sit
732 1382 887 1416 firma-²³⁴)
910 1381 1100 1422 promissio,
1151 1380 1415 1418 consolatio,⁶⁷)
1441 1380 1525 1412 Viuo
1548 1390 1630 1421 ego,
1653 1380 1739 1412 Nolo
1764 1386 1901 1411 mortem
1926 1380 2128 1420 peccatoris,

128 1427 235 1458 donec
247 1426 332 1456 enim
342 1426 568 1457 excruciantur
577 1427 789 1463 dubitatione,
802 1423 1099 1466 eorda't'ugiunt55)
1151 1424 1219 1454 Sed
1243 1429 1277 1454 ut
1296 1429 1508 1454 conuertatur
1531 1428 1562 1454 et
1584 1424 1684 1454 viuat.
1730 1424 1874 1461 ltem⁶²⁵)
1898 1423 1954 1454 Sic
1976 1423 2057 1454 deus
2082 1423 2129 1454 di-

128 1470 236 1506 deum,
259 1478 323 1499 non
354 1469 569 1509 acquiescunt
596 1470 627 1500 in
651 1469 731 1506 deo,
758 1478 825 1499 non
856 1467 934 1505 [fol.
957 1467 1030 1505 30³]
1053 1467 1100 1497 in·
1151 1465 1231 1497 lexit
1264 1467 1417 1497 mundum
1455 1472 1490 1497 ut
1530 1464 1631 1497 filium
1665 1467 1866 1508 vnigenitum
1907 1466 2052 1503 dederit,
2094 1471 2129 1496 vt

126 1517 261 1547 uocant,
283 1509 323 1541 Et
346 1511 524 1551 promissio
536 1513 588 1545 ⁵¹⁶)
612 1511 647 1542 fit
671 1512 719 1541 eis
738 1511 844 1541 inanis
863 1510 1003 1547 sonitus,
1025 1509 1101 1550 quia
1123 1500 1129 1547 Ῑ
1152 1509 1258 1540 omnis
1282 1510 1337 1550 qui
1359 1509 1463 1541 credit
1486 1510 1516 1539 in
1541 1519 1625 1547 eum,
1649 1519 1715 1540 non
1739 1511 1927 1550 pereatffl).
1975 1508 2128 1550 Denique

126 1563 193 1584 non
215 1553 445 1584 adsentiuntur
467 1555 507 1584 ei.
554 1553 727 1584 Postremo
751 1553 814 1584 Dei
840 1553 1027 1584 mandatum
1050 1557 1102 1582 est
1124 1549 1129 1587 Ι
1153 1562 1247 1583 error
1284 1553 1325 1583 de
1361 1551 1562 1582 dubitatione
1597 1562 1736 1591 prorsus
1766 1551 1906 1582 Ethnica
1940 1552 2128 1593 imaginatio

127 1602 296 1628 aeternum
321 1601 352 1626 et
375 1596 553 1634 immotum,
576 1602 611 1626 vt
634 1597 810 1627 credamus
834 1595 901 1626 filio
926 1595 987 1625 Dei
1010 1595 1101 1625 iuxta
1152 1601 1214 1632 est,
1237 1605 1278 1626 ac
1302 1593 1517 1636 Euangelium
1539 1593 1662 1632 abolet,
1685 1600 1717 1625 et
1734 1595 1767 1625 in
1780 1595 2000 1626 conuersione
2013 1604 2129 1625 veram

127 1638 193 1670 hoc
210 1639 351 1676 dictum,
381 1637 520 1679 Spiritus
548 1645 664 1680 arguet
694 1639 848 1669 mundum
879 1638 920 1668 de
950 1643 1101 1678 peceato,
1154 1636 1415 1670 consolationem
1438 1638 1491 1677 ijs,
1515 1637 1570 1678 qui
1593 1638 1738 1668 sentiunt
1757 1638 1837 1668 iram
1855 1637 1984 1675 dei,⁷⁰)
2003 1637 2128 1668 adimit.

128 1682 216 1723 quod
239 1692 305 1712 non
329 1681 466 1713 credunt
488 1682 520 1712 in
543 1691 603 1712 me.
642 1681 721 1712 ltem
747 1682 775 1712 l.
798 1680 953 1711 Iohannis
972 1681 1003 1710 5.
1037 1679 1101 1715 Qui

128 1734 194 1756 non
218 1725 322 1755 credit
344 1723 417 1761 deo,
441 1730 577 1755 accusat
600 1734 673 1755 eum
694 1724 868 1763 mendacij.

215 1767 276 1798 Est
297 1772 405 1798 autem
427 1765 553 1798 insulsa
576 1766 755 1805 cauillatio,
778 1767 865 1808 quod
884 1766 994 1797 dicunt
1013 1765 1103 1797 dubi,
1156 1759 1203 1789 57)
1224 1765 1336 1824 εἲς-ἓξὲξ,
1356 1759 1544 1787 resuscitatum,
1564 1758 1599 1789 et]
1621 1757 1681 1782 haec
1699 1758 1774 1782 verba
1793 1757 1855 1782 Mel.
1882 1765 1958 1789 supra
1982 1758 2069 1781 lineam
2094 1757 2137 1781 ad-

1254 1801 1275 1815 ῙἸ
1295 1809 1298 1814 ι
1331 1811 1335 1816 .

1159 1836 1204 1865 58)
1225 1840 1250 1858 et
1268 1835 1425 1858 habitantem
1445 1835 1470 1858 in
1490 1835 1577 1866 nobis]
1596 1836 1632 1858 uic
1651 1835 1717 1859 Cod.
1737 1838 1759 1860 ά
1779 1835 1857 1859 Εὼιι.
1878 1834 1953 1858 1—3.
1974 1835 2014 1863 8.;
2033 1835 2059 1857 in
2079 1838 2138 1858 cett.

1230 1869 1311 1893 Editt.
1331 1868 1390 1893 haec
1408 1869 1501 1893 desunt.

1160 1914 1206 1944 59)
1227 1914 1309 1943 certo]
1329 1912 1410 1935 Editt.
1432 1912 1506 1935 1-3,
1526 1912 1566 1935 8.:
1587 1914 1656 1935 cette

1160 1956 1206 1986 60)
1226 1955 1312 1987 etiam]
1340 1958 1397 1979 ante
1420 1953 1481 1977 hanc
1504 1961 1583 1978 vocem
1609 1954 1692 1978 scriba
1715 1955 1863 1987 scripserat:
1890 1958 1988 1984 autem,
2013 1954 2056 1978 sed
2078 1954 2140 1978 haec

1231 1998 1277 2014 tvoz
1297 1998 1310 2012 α
1331 1989 1390 2012 Mel.
1412 1989 1491 2013 deleta
1511 1992 1554 2013 est.

132 1811 264 1842 tandum
300 1819 377 1841 esse
412 1817 547 1851 propter
578 1816 726 1841 nostram
760 1810 1003 1851 indignitatem,
1036 1819 1103 1840 non

131 1859 266 1894 propter
289 1853 558 1883 misericordiam.
604 1853 682 1883 ldeo
716 1853 800 1883 enim
831 1853 918 1883 edita
947 1857 999 1882 est
1028 1861 1103 1892 pro·

132 1896 256 1933 missio,
279 1895 353 1925 ideo
377 1893 465 1926 filius
484 1895 535 1926 dei
549 1896 709 1927 mediator
722 1896 920 1927 constitutus
945 1901 1006 1929 est,
1030 1895 1105 1936 quia

133 2049 180 2080 45)
200 2049 314 2072 Dimissa
332 2049 401 2079 sunt]
421 2048 500 2073 Editt.
522 2048 596 2071 1-3.
617 2048 653 2071 8.:
674 2047 792 2072 Remissa
809 2053 869 2072 sunt
1162 2032 1207 2064 61)
1228 2032 1400 2064 OPP⁰¹¹⁸¹¹¹¹¹⁵]
1418 2031 1500 2056 ΕΔΜ·
1524 2031 1597 2054 1-3·
1617 2031 1700 2057 5''8'²
1720 2038 1880 2062 apponamus

134 2091 180 2122 46)
200 2099 244 2122 per
263 2091 347 2114 fidem'
384 2091 414 2114 In
433 2090 494 2122 hoc]
515 2091 562 2114 Ed·
582 2091 622 2114 5⁸:
642 2097 686 2121 per
705 2091 781 2114 fidem
800 2092 825 2114 iu
845 2092 893 2115 hoe
1162 2075 1208 2107 62)
1228 2077 1253 2099 in
1272 2073 1448 2107 Ecclesiaste,]
1468 2074 1548 2097 Editt.
1571 2074 1644 2098 1-3,
1663 2075 1700 2098 8.:
1721 2076 1747 2098 in
1766 2074 1921 2097 Ecclesiaste
1941 2074 1964 2098 9.

134 2135 180 2165 47)
200 2134 336 2164 autorem]
355 2134 435 2157 Edit,⁶
455 2135 544 2156 4—7·:
564 2134 723 2164 scriptorem·
1133 2102 1138 2182 Ι
1162 2118 1207 2149 63)
1228 2116 1404 2149 Salomonem]
1424 2116 1505 2140 Editt.
1530 2117 1550 2140 l.
1571 2117 1595 2139 2.
1615 2117 1706 2140 4—6.:
1725 2116 1892 2140 Solomouem

133 2177 180 2207 48)
199 2175 314 2208 Iusticia]
334 2176 415 2199 Editt.
437 2176 510 2200 1—3.
531 2177 569 2199 8.:
592 2180 618 2198 et
636 2177 742 2205 iustitia,
1163 2161 1209 2192 64)
1229 2159 1284 2193 ant]
1304 2161 1384 2184 Editt.
1407 2160 1479 2207 l.—3'
1501 2160 1539 2183 8.:
1560 2166 1593 2182 an

134 2220 181 2250 49)
200 2220 327 2243 iusticiam
346 2218 428 2249 suam]
448 2220 484 2242 sic
503 2218 567 2242 Cod.
589 2222 610 2243 et
629 2218 710 2242 Editt.
729 2220 752 2243 4.
779 2218 816 2248 6.;
842 2223 900 2244 cett.
921 2219 1013 2244 Edita:
1037 2227 1109 2244 suam
1134 2189 1138 2248 i
1161 2203 1207 2235 65)
1228 2202 1365 2234 Salomon]
1384 2203 1463 2226 Ednt'
1489 2203 1508 2225 ι’
1530 2203 1553 2225 2’
1574 2203 1598 2226 4⁵
1618 2202 1658 2226 5'²
1678 2202 1803 2227 S⁰l⁰m⁰¹¹

204 2254 332 2277 iusticiam
1135 2251 1138 2269 Ι
1161 2246 1208 2277 66)
1228 2245 1345 2277 offertur]
1368 2245 1449 2269 Editt.
1473 2245 1545 2268 1—3.
1567 2246 1605 2268 8.:
1626 2245 1730 2268 affertur

135 2296 182 2327 50)
201 2296 267 2327 sese]
286 2295 365 2320 Editt.
389 2296 461 2319 1—3.
481 2297 520 2319 8.:
540 2303 567 2319 se
1135 2275 1138 2304 Ι
1162 2289 1208 2320 67)
1229 2287 1395 2321 consolatio,]
1415 2288 1495 2311 Editt.
1514 2288 1604 2311 5—-7,:
1624 2287 1880 2315 eo11solati0‚Ezech.
1904 2288 1947 2316 183
1968 2288 2017 2311 Ed.
2034 2288 2058 2310 4.
2078 2285 2142 2310 buno

137 2339 184 2370 51)
203 2338 298 2370 antem]
320 2339 369 2363 Ed.
391 2340 413 2363 1⁸
434 2342 484 2370 gyP.
505 2347 568 2363 ern:
589 2343 674 2362 autem
693 2342 779 2362 autem
1134 2305 1138 2348 1
1231 2323 1307 2346 Iocum
1326 2323 1371 2347 Ez.
1392 2323 1431 2346 18,
1452 2325 1546 2345 tantum
1564 2323 1591 2345 in
1608 2323 1722 2352 maryine
1739 2321 1841 2345 indicat.

138 2381 184 2413 52)
204 2388 268 2411 quae
287 2380 363 2413 dicta]
384 2381 463 2405 Etim,
487 2382 559 2404 1—2·
579 2382 617 2404 3':
636 2388 702 2413 quae
720 2382 771 2405 im
790 2382 859 2405 dicta
1135 2351 1139 2399 1
1162 2365 1207 2396 68)
1228 2365 1281 2389 Sed
1300 2370 1327 2388 ut
1346 2369 1511 2388 conuertatur
1529 2368 1554 2387 et
1579 2365 1657 2389 viuat.
1694 2364 1770 2395 Item}
1796 2365 1832 2387 sic
1856 2362 1936 2392 Cod.;
1961 2371 2031 2410 omn..
2056 2363 2141 2387 Editt.

1227 2408 1274 2432 pro
1293 2399 1330 2423 his
1348 2399 1448 2423 habene:
1468 2403 1516 2422 etc.

1162 2441 1208 2472 69)
1228 2441 1337 2473 pereat.]
1356 2443 1392 2465 eir
1411 2442 1476 2465 Cod.
1504 2445 1526 2465 et
1550 2440 1598 2463 Ed.
1619 2441 1641 2464 4.
1668 2449 1730 2472 quae
1752 2444 1831 2465 antem
1855 2440 1944 2463 locum:
1972 2441 2044 2465 loan.
2066 2441 2089 2465 3.
2115 2441 2142 2464 iu

1230 2484 1309 2508 mar-q.
1329 2476 1437 2505 indicam
1457 2476 1537 2499 Editt.
1560 2475 1633 2497 1-3.
1655 2475 1692 2498 8,;
1713 2479 1809 2505 pereat,
1830 2478 1892 2503 etc.;
1912 2475 1960 2499 Ed.
1982 2475 2022 2499 6.:
2041 2478 2139 2506 pereat,

137 2508 183 2538 55)
204 2510 381 2533 cxcruciamur
399 2509 572 2539 dubitatione,
593 2510 674 2533 corda
692 2509 804 2540 fugiunt]
823 2510 902 2534 Editt.
924 2510 996 2534 1—3.
1009 2510 1048 2535 8.:
1068 2517 1111 2534 ex·
1136 2509 1139 2523 ¹
1232 2514 1279 2534 etc.
1300 2511 1371 2534 Ioan.
1392 2510 1433 2539 3.,
1453 2510 1531 2533 Editt.
1551 2510 1574 2533 5.
1595 2509 1633 2532 'Le
1652 2514 1747 2539 pereat.
1783 2509 1894 2533 Iohann.
1915 2511 1939 2532 3.

208 2544 354 2567 cruciantur
373 2543 533 2567 dubitatione
554 2544 651 2573 corda,
670 2544 772 2574 fugiunt
1136 2526 1139 2564 l

1137 2572 1140 2578 .
1163 2554 1209 2584 70)
1229 2554 1272 2583 qui
1301 2554 1413 2576 sentiunt
1439 2553 1503 2575 iram
1528 2551 1589 2581 dei.)
1612 2552 1647 2574 sic
1670 2551 1734 2576 Cod.
1760 2556 1782 2575 et
1806 2552 1887 2575 Editt.
1914 2553 1989 2576 1-3.
2014 2553 2052 2580 8.;
2081 2555 2140 2575 cett.

138 2585 185 2617 56)
205 2585 354 2617 promissio]
376 2586 424 2610 Ed.
448 2587 467 2609 l.
488 2590 538 2617 typ.
559 2594 624 2610 erra:
643 2588 770 2617 promisso
1232 2587 1324 2611 Editt.:
1344 2588 1386 2618 qui
1406 2588 1467 2609 iram
1487 2586 1536 2609 Dei
1555 2587 1678 2615 sentiunt,

138 2423 184 2455 53)
205 2423 302 2455 errare]
322 2423 369 2447 Ed,
389 2424 412 2447 5.
431 2427 481 2456 ἴῃ),
503 2432 566 2448 erra:
587 2431 674 2447 errore

138 2466 184 2497 54)
204 2467 237 2490 sit
254 2466 338 2498 firma]
358 2466 406 2489 Ed.
425 2467 464 2490 3.:
483 2466 556 2490 firma
574 2468 609 2490 sit

1879 2636 1932 2660 -25‘
