2299 2921
146 109 210 141 ‘25⁷

190 205 287 234 Hodie
309 214 422 233 mecum
445 204 474 231 in
497 202 621 240 prandio
639 202 757 229 fuerunt
778 210 877 238 gener.
900 198 955 235 IX,
978 200 1050 229 574.

190 248 287 276 Hodie
309 248 361 276 tibi
383 246 487 283 scripsi
510 254 561 282 per
580 244 731 273 Basilium.
756 243 795 279 II,
820 242 892 272 720.

190 290 422 319 Honestissimae
445 288 562 324 coniugi
580 291 646 315 tuae
668 287 750 314 mitto
773 285 912 323 pagellas.
935 284 1005 320 VII,
1028 284 1101 314 998.

189 333 434 362 Honestissimam
458 330 611 366 coniugem
631 333 710 357 tuam
744 329 874 356 rediisse.
912 327 981 363 VH,
1006 326 1077 357 628.

188 375 433 404 Honestissimam
455 374 619 402 Matronam
642 372 805 408 coniugem.
829 370 897 406 VII,
919 371 991 400 579.

188 417 435 447 Honestissimum
457 415 623 452 exemplum
647 414 771 443 civitatis
794 413 919 442 Atticae.
942 411 997 448 VI,
1020 413 1091 441 374.

190 460 362 489 Honorifiee
385 459 563 497 praedicavit
587 461 622 486 et.
644 457 682 492 V,
704 457 776 486 455.

186 503 329 532 Hortator
350 503 391 531 fui
415 502 482 530 huie
504 500 691 529 adolescenti.
713 499 751 533 V,
775 499 846 527 767.

187 545 308 583 Hospiti
330 555 394 574 meo
417 545 561 581 Hispano.
580 543 617 578 V,
643 543 713 572 835.

186 588 255 618 Huc
279 599 295 617 e
317 588 418 626 Lipsia
436 587 516 615 mihi.
538 585 592 621 IV,
617 586 688 614 703.

188 631 327 660 Humana
349 631 445 660 officia
467 633 564 657 tantos
587 628 711 656 dolores.
737 625 793 661 IX,
817 627 890 655 615.

188 674 276 702 Hunc
297 673 465 702 fasciculum
488 671 614 709 accipies
636 680 654 698 a
674 671 744 698 viro.
767 669 805 706 V,
829 669 901 697 488.

188 717 277 745 Hunc
296 716 479 744 tabellarium
503 715 568 742 misi
590 718 709 751 propter
732 712 866 740 aulicam.
890 710 945 747 IX,
968 711 1035 740 184.

188 759 250 788 Iam
269 760 403 787 dederam
427 758 532 786 alteras
555 757 589 784 ei.
613 755 653 791 II,
678 756 749 785 714.

186 801 248 830 Iam
272 802 492 839 obsignaveram
515 800 637 837 priores.
656 798 696 833 Π,
721 798 792 826 335.

187 845 288 874 Idibus
310 844 424 872 Martiis
443 853 507 872 cum
531 842 657 879 quidem.
679 841 717 876 V,
741 840 812 869 327.

188 887 250 916 Imo
271 897 339 916 vero
363 887 443 915 illam
461 890 598 914 nostram.
618 884 656 920 V,
681 884 755 912 784.

189 929 223 958 In
247 931 314 958 aula
335 930 533 966 Elwangensi.
556 927 612 962 ΙΙΙ,
641 927 709 955 177.

188 973 221 1000 In
246 972 369 1010 epistola
386 978 436 1000 tua
455 980 620 1008 quanquam
645 969 735 997 brevi.
760 967 829 1003 VII,
853 967 924 996 489.

188 1015 222 1043 In
245 1016 301 1044 hoc
325 1015 512 1043 Eisfeldensi.
546 1012 614 1047 VII,
639 1012 710 1040 503.

187 1057 223 1086 In
245 1059 348 1087 itinere
366 1058 433 1085 dum
456 1056 596 1093 Lipsiam.
620 1054 645 1089 I,
670 1053 740 1082 824.

189 1100 224 1128 In
248 1101 340 1129 literis
362 1100 420 1128 tuis
443 1100 527 1136 signa
550 1098 644 1126 video.
668 1095 754 1131 VIII,
779 1096 850 1124 314.

188 1143 223 1171 In
247 1143 388 1181 proximis
411 1142 501 1170 literis
523 1140 632 1177 rogavi.
657 1138 697 1173 II,
722 1139 794 1167 485.

189 1185 225 1214 In
248 1186 335 1213 tantis
356 1184 495 1223 periculis
519 1188 547 1211 et
569 1182 686 1211 nostris.
710 1180 779 1216 VII,
803 1181 874 1209 938.

189 1228 223 1256 In
242 1228 403 1264 Thuringis
426 1226 527 1264 accepi
550 1234 697 1262 magnum.
721 1223 745 1259 Ι,
771 1224 841 1252 883,

189 1271 363 1299 Incredibile
388 1274 439 1304 est,
464 1278 558 1306 quam.
578 1268 601 1303 I,
627 1268 697 1296 804.

191 1313 302 1342 Indulsi
325 1313 415 1340 aetati
438 1312 538 1340 nostri.
563 1311 616 1345 IV,
642 1310 711 1338 847.

189 1356 313 1394 Inspexi
335 1356 561 1393 disputationem
580 1353 726 1390 scriptam.
752 1351 803 1386 Vl,
829 1351 877 1379 70.

190 1399 326 1436 Intelligo
349 1400 379 1426 in
403 1398 457 1426 hac
478 1398 550 1425 urbe
573 1404 682 1425 sensus.
707 1395 777 1429 VII,
803 1394 874 1423 929.

191 1442 269 1470 Inter
292 1442 398 1469 deeora
420 1441 521 1478 oppidi
545 1438 703 1468 Grimmae.
729 1438 767 1473 V,
791 1438 862 1465 798.

190 1485 283 1513 Iosias
307 1484 377 1511 mihi
400 1482 600 1519 interroganti.
626 1481 681 1515 IX,
708 1481 777 1510 160.

191 1528 235 1555 Ita
257 1527 373 1561 accidit,
405 1531 436 1554 ut
456 1526 520 1554 istic
542 1525 610 1552 fore.
630 1524 698 1558 VII,
722 1524 793 1552 484.

190 1570 294 1597 Iubent
316 1569 412 1597 aulica
434 1569 578 1596 mandata.
602 1566 656 1601 VI,
680 1567 753 1596 920.

189 1613 318 1641 Iudicem
342 1616 369 1639 te
394 1612 490 1649 potius
513 1612 548 1638 de
567 1610 708 1638 doctrinis
729 1618 801 1637 esse.
837 1606 891 1643 IX,
917 1608 986 1636 730.

189 1656 353 1684 Iustissima
376 1662 420 1682 est
443 1654 562 1691 querela
585 1658 642 1680 tua.
666 1652 736 1687 VII,
759 1652 829 1680 660.

189 1698 359 1726 Ketzlerum
379 1697 509 1734 comperi
531 1705 613 1724 sano.
639 1695 676 1730 V,
702 1695 772 1723 682.

188 1740 337 1769 Lasanum
361 1741 467 1768 iturum
491 1739 527 1766 ad
550 1739 701 1767 Parentes.
726 1737 812 1772 VIII,
840 1738 910 1766 173.

187 1784 284 1812 Lascii
305 1783 457 1811 tabellario
480 1782 660 1810 Prutenicas.
684 1781 721 1816 V,
742 1781 813 1810 802.

190 1826 287 1854 Lectis
306 1826 397 1854 literis
420 1826 472 1852 filii
495 1825 546 1852 tui.
566 1824 620 1858 IX,
645 1825 715 1853 509.

191 1869 345 1896 Leniretur
367 1868 419 1895 tibi
439 1872 467 1895 et
490 1868 546 1895 tuis
569 1867 661 1895 dolor.
685 1866 741 1901 IX,
765 1866 835 1895 615.

190 1911 327 1939 Libenter
349 1911 414 1938 dedi
438 1911 537 1938 literas
561 1915 620 1938 tuo.
644 1910 698 1944 IV,
723 1911 793 1939 831.

188 1953 328 1981 Libenter
351 1953 409 1990 legi
431 1954 673 1990 obiurgationem.
699 1953 735 1988 V,
761 1952 829 1981 243.

189 1996 289 2034 Lipsia
313 2005 446 2033 egressus
469 1997 499 2024 in
518 1997 628 2023 itinere.
653 1996 689 2030 V,
715 1995 761 2025 16.

185 2038 422 2076 Lipsiaeraccepi
447 2043 511 2066 tuas
534 2039 641 2066 literas.
661 2038 684 2073 Ι,
710 2039 781 2067 867.

188 2081 297 2110 Literis
320 2082 356 2110 de
379 2080 493 2116 Sciuro,
515 2091 587 2118 quas
611 2082 638 2109 ei
661 2081 774 2109 dedisti.
798 2081 850 2116 VI,
870 2082 941 2110 224.

188 2124 304 2153 Literas
327 2124 421 2153 Seiuri
446 2124 586 2153 Alesium.
611 2125 648 2160 V,
668 2125 739 2153 831.

190 2167 322 2205 Longam
341 2166 507 2204 Odysseam
531 2168 583 2195 tibi
606 2171 779 2196 nostrorum.
803 2166 856 2202 VI,
880 2168 951 2195 513.

189 2209 294 2247 Longo
317 2215 446 2246 tempore
466 2211 545 2238 mihi.
568 2211 606 2245 V,
621 2211 692 2239 309.

191 2252 321 2281 Luthero
346 2253 426 2280 mitto
451 2254 559 2281 literas.
583 2253 622 2288 ΙΙ,
646 2253 717 2282 275.

189 2294 336 2323 Lutherus
359 2300 387 2322 et
411 2296 446 2323 ab
468 2297 570 2324 amicis
592 2299 721 2333 rogatus.
747 2296 782 2330 V,
807 2296 877 2324 863.

191 2338 287 2365 Macte
309 2339 392 2366 istius
415 2340 514 2373 animi,
538 2340 577 2366 mi
600 2339 707 2373 Ioaeh.,
730 2343 759 2365 et
777 2339 896 2367 obdura.
920 2338 945 2374 Ι,
969 2339 1028 2368 599

189 2380 298 2418 Magna
321 2390 367 2408 me
390 2381 554 2410 solitudine.
581 2382 616 2416 V,
642 2383 690 2411 93.

190 2423 299 2460 Magna
320 2424 391 2451 mihi
415 2434 479 2452 cum
502 2425 567 2453 hoc.
591 2425 628 2459 V,
653 2424 723 2453 394.

190 2466 367 2503 Magnopere
390 2467 549 2496 delectatus
573 2477 636 2497 sum
660 2467 872 2495 benevolentia.
897 2467 933 2502 V,
958 2468 1029 2497 492.

191 2508 338 2536 Matthaeo
361 2511 506 2538 communi
528 2511 630 2539 amico.
654 2511 690 2544 V,
716 2510 786 2538 684.

190 2550 337 2580 Matthaeo
361 2557 461 2580 nostro
485 2558 512 2580 et
535 2554 606 2582 eius.
631 2553 668 2587 V,
696 2553 764 2580 110.

352 2605 498 2625 sinmitrii.
513 2606 592 2627 open.
608 2607 670 2626 vor..
687 2606 787 2625 xxviii.

350 109 388 141 n.
423 107 613 140 INDICES.
657 106 698 138 H.
719 103 858 138 INDEX
879 102 1075 136 EPISTOL.
1098 102 1211 136 Pffll..
1233 101 1339 135 MEL.
1363 102 1700 136 ALPHABETICUS
1723 103 1808 135 PER
1830 103 1974 137 INITIA.

1148 1684 1156 1863 ²

2092 103 2156 138 258

1218 200 1378 228 Maximam
1401 199 1454 227 tibi
1476 199 1599 236 gratiam
1622 199 1715 228 habeo
1738 205 1766 228 et
1787 211 1862 230 mea.
1885 202 1926 236 ΙΙ,
1951 205 2022 233 951.

1218 242 1359 271 Mediocri
1381 242 1477 271 studio
1500 242 1642 271 Paeonas.
1664 242 1701 277 V,
1724 244 1795 272 497.

1218 285 1359 314 Mediocri
1382 285 1477 313 studio
1499 285 1669 313 vicinarum.
1692 285 1745 321 VI,
1771 287 1840 316 133.

1219 329 1340 356 Memini
1361 328 1397 355 de
1419 327 1637 356 Iurisconsulto.
1662 328 1698 364 V,
1720 329 1789 359 363.

1220 371 1340 400 Memini
1362 381 1408 399 me
1430 371 1483 398 tibi
1505 371 1583 399 dare.
1608 370 1644 406 V,
1670 371 1742 401 427.

1220 414 1378 442 Meministi
1399 413 1526 442 fabulam
1548 414 1594 442 de.
1617 413 1655 449 V,
1680 414 1750 443 221.

1219 457 1378 486 Meministi
1400 457 1472 485 illud
1494 457 1525 485 in
1542 456 1719 494 Tragoedia.
1764 457 1857 488 Nihil.
1881 459 1949 496 vn,
1971 460 2041 490 875.

1220 500 1378 528 Meministi
1400 500 1492 528 nostri
1514 500 1628 528 theatri.
1652 500 1689 533 V,
1714 501 1785 529 332.

1219 542 1377 571 Meministi
1400 543 1541 580 picturam
1562 543 1592 570 in
1617 543 1705 572 curia.
1729 543 1796 582 VII,
1821 545 1892 574 409.

1220 585 1377 613 Meministi
1400 584 1581 614 Socraticum
1604 586 1685 615 illud.
1709 586 1762 622 VI,
1787 588 1836 616 80.

1220 628 1377 656 Meministi
1399 632 1428 656 te
1451 629 1549 656 videre
1571 629 1602 657 in
1625 629 1704 657 urbe.
1729 630 1765 665 V,
1787 631 1857 660 799.

1221 671 1379 699 Meministi
1402 676 1484 699 vetus
1506 670 1587 699 illud.
1612 672 1649 707 V,
1671 672 1741 702 294.

1220 714 1322 742 Mense
1342 712 1480 742 Ianuario
1501 714 1569 742 dedi
1590 714 1699 743 literas.
1724 715 1779 751 III,
1804 716 1875 745 294.

1219 757 1321 785 Mense
1342 756 1480 785 Ianuario
1502 757 1568 785 misi
1591 757 1698 787 literas.
1722 758 1778 794 III,
1803 759 1874 789 638.

1220 799 1345 827 Micaelo
1366 799 1433 827 ideo
1457 800 1572 828 tradidi.
1596 800 1681 835 VIII,
1705 801 1778 831 837.

1220 842 1293 870 Mihi
1316 851 1431 879 quoque
1452 843 1637 872 desiderium.
1661 843 1718 878 ΠΙ,
1743 845 1812 873 193.

1220 885 1293 913 Mihi
1316 894 1432 922 quoque
1456 890 1487 913 ut
1508 885 1560 914 tibi
1583 890 1612 915 et
1629 887 1759 915 caeteris.
1782 886 1838 921 IX,
1865 888 1934 917 146.

1220 927 1290 955 Misi
1312 928 1365 955 tibi
1393 928 1547 965 epistolam
1571 929 1607 956 ad
1629 929 1817 958 Matthaeum.
1841 930 1878 965 V,
1904 931 1974 961 357.

1220 970 1289 997 Misi
1312 970 1381 998 vito
1404 972 1578 1008 exemplum.
1601 971 1652 1006 IV,
1677 973 1747 1002 643.

1221 1012 1312 1040 Mittit
1333 1013 1408 1040 istuc
1430 1014 1612 1042 tabellarium
1635 1015 1724 1044 vidua
1745 1015 1875 1044 Lutheri.
1906 1016 1977 1051 VII,
1999 1016 2069 1046 125.

1220 1054 1307 1083 Mitto
1325 1055 1363 1083 ad
1381 1064 1434 1084 vos
1456 1056 1646 1085 Bernardum.
1669 1057 1726 1093 III,
1750 1059 1822 1087 338.

1222 1098 1307 1126 Mitto
1330 1098 1403 1126 duas
1422 1099 1561 1135 epistolas
1579 1100 1699 1128 alteram
1723 1101 1910 1130 Britannicae
1934 1101 2074 1140 Reginae.
2106 1101 2162 1138 IX,

1267 1140 1339 1170 942.

1224 1183 1309 1212 Mitto
1330 1184 1405 1211 istuc
1428 1184 1500 1212 duas
1521 1185 1667 1222 epistolas.
1691 1185 1746 1221 IX,
1768 1186 1839 1215 725.

1223 1226 1308 1254 Mitto
1328 1226 1380 1255 tibi
1403 1227 1586 1256 fasciculum.
1610 1227 1662 1263 IV,
1689 1230 1760 1257 905.

1223 1269 1308 1296 Mitto
1330 1270 1382 1297 tibi
1405 1270 1504 1298 literas
1527 1271 1563 1298 ad
1584 1269 1812 1307 Sigismundum.
1834 1273 1857 1307 I,
1880 1273 1951 1302 805.

1224 1312 1308 1339 Mitto
1331 1312 1383 1340 tibi
1402 1312 1501 1341 literas
1524 1323 1664 1342 meorum.
1689 1314 1729 1349 II,
1754 1316 1824 1344 337.

1223 1355 1308 1382 Mitto
1329 1355 1380 1383 tibi
1404 1356 1544 1393 scriptum
1567 1363 1656 1385 tuum.
1682 1357 1722 1392 II,
1743 1359 1815 1386 571.

1223 1398 1315 1425 Multa
1335 1399 1461 1435 cogitavi
1484 1399 1530 1427 his
1553 1400 1665 1428 diebus.
1689 1400 1726 1435 V,
1750 1401 1821 1431 903.

1222 1440 1316 1468 Multa
1338 1450 1450 1469 mecum
1473 1442 1509 1469 de
1531 1442 1722 1480 Tubingensi.
1746 1443 1786 1478 II,
1811 1445 1882 1473 881.

1223 1483 1316 1511 Multa
1338 1485 1458 1513 omnino
1482 1486 1615 1523 exempla
1636 1486 1700 1514 hoe.
1726 1486 1795 1520 VII,
1821 1488 1891 1516 748.

1223 1527 1317 1554 Multa
1339 1532 1407 1555 sunt
1427 1537 1486 1555 non
1507 1528 1638 1557 obscura.
1660 1530 1697 1564 V,
1723 1530 1794 1559 656.

1223 1570 1332 1598 Multas
1355 1571 1455 1607 accepi
1479 1572 1580 1600 eodem
1602 1577 1742 1609 tempore.
1767 1572 1808 1608 II,
1833 1574 1904 1602 727.

1225 1613 1324 1640 Multis
1347 1614 1521 1642 coniecturis
1542 1615 1700 1643 ratioeinor
1724 1616 1789 1644 hoc.
1813 1615 1864 1650 VI,
1889 1616 1960 1645 823.

1224 1656 1325 1683 Multis
1346 1657 1438 1684 modis
1463 1658 1611 1694 epistolae.
1634 1658 1689 1692 ΙΙΙ,
1715 1660 1786 1686 538.

1223 1698 1381 1727 Multorum
1400 1699 1550 1728 hominum
1574 1702 1603 1728 in
1627 1701 1689 1729 hac.
1716 1701 1768 1736 VI,
1793 1701 1864 1730 283.

1222 1740 1301 1769 Nam
1324 1746 1437 1770 tantum
1457 1744 1601 1772 veteribus
1625 1744 1778 1781 exemplis.
1799 1744 1852 1779 IV,
1877 1745 1946 1774 815.

1222 1784 1287 1812 Nee
1310 1785 1371 1812 scio
1394 1785 1461 1813 belli
1485 1785 1623 1814 Saxonici
1646 1787 1807 1815 historiam.
1830 1787 1898 1822 VII,
1924 1788 1995 1817 682.

1221 1826 1287 1855 Nec
1311 1837 1378 1855 vero
1403 1828 1521 1856 dubium
1543 1834 1586 1857 est
1609 1830 1792 1859 antecellere.
1817 1831 1853 1865 V,
1879 1832 1949 1860 371.

1220 1869 1380 1906 Negotium
1403 1871 1439 1899 de
1462 1871 1632 1900 collocanda
1654 1874 1790 1910 pecunia.
1813 1872 1852 1909 II,
1874 1874 1943 1903 776.

1222 1912 1379 1950 Negotium
1404 1914 1457 1942 τοῦ
1479 1912 1609 1944 ἅλωπεκ.
1634 1915 1657 1950 Ι,
1683 1917 1754 1945 997.

1220 1955 1324 1992 Neque
1346 1957 1381 1984 de
1404 1957 1498 1985 edicto
1522 1959 1710 1996 Augustensi.
1734 1958 1772 1993 11,
1797 1960 1867 1988 469.

1219 1998 1301 2026 Nihil
1325 2009 1342 2026 a
1364 2004 1391 2027 te
1413 2000 1571 2030 literarum.
1607 2001 1648 2036 II,
1674 2003 1743 2030 551.

1219 2040 1302 2069 Nihil
1325 2047 1366 2070 est
1391 2043 1522 2080 profecto
1545 2045 1694 2073 insulsius.
1729 2044 1782 2079 IV,
1808 2045 1878 2074 521.

1220 2083 1302 2112 Nihil
1327 2085 1420 2113 habeo
1444 2087 1522 2123 quod
1544 2088 1714 2117 miserrimis
1737 2092 1824 2125 temp.
1858 2087 1882 2123 I,
1906 2088 1977 2118 752.

1218 2126 1288 2156 Non
1311 2129 1422 2166 accipio
1445 2129 1589 2158 dulciores
1607 2131 1707 2160 literas
1725 2140 1762 2159 ex
1779 2131 1956 2169 Noriberga.
1980 2130 2048 2168 VH,
2063 2132 2135 2161 859.

1219 2169 1289 2198 Non
1310 2171 1347 2198 ad
1371 2172 1458 2199 alium
1479 2178 1639 2202 conventus
1663 2174 1768 2211 plures.
1804 2172 1860 2210 IX,
1885 2174 1956 2204 247.

1219 2212 1289 2241 Non
1312 2214 1406 2242 audeo
1428 2220 1456 2242 te
1478 2216 1508 2243 in
1530 2217 1586 2244 hac
1610 2218 1764 2245 communi.
1795 2216 1852 2252 IX,
1877 2217 1948 2246 835.

1219 2256 1289 2284 Non
1313 2257 1464 2286 dissimulo
1486 2269 1531 2287 me
1554 2259 1701 2288 delectari.
1736 2260 1772 2295 V,
1797 2261 1868 2289 481.

1219 2298 1289 2327 Non
1312 2300 1477 2328 dubitabam
1497 2303 1566 2338 quin
1589 2303 1744 2340 Apologia.
1778 2303 1816 2338 Π,
1843 2304 1912 2333 119.

1218 2341 1288 2370 Non
1311 2343 1411 2371 dubito
1436 2346 1505 2380 quin
1529 2355 1546 2372 a
1570 2345 1678 2373 Fratre.
1711 2346 1763 2380 IV,
1790 2346 1860 2375 642.

1217 2384 1288 2413 Non
1311 2386 1411 2414 dubito
1432 2388 1501 2423 quin
1520 2388 1661 2416 adventus
1680 2390 1772 2417 nostri
1792 2390 2003 2426 expectatione.
2040 2390 2062 2425 I,
2083 2392 2098 2419 7
2105 2391 2154 2421 26.

1218 2427 1290 2456 Non
1311 2429 1421 2464 dubito,
1445 2431 1513 2465 quin
1537 2439 1723 2468 magnopere.
1760 2431 1785 2467 Ι,
1812 2432 1902 2462 1067.

1219 2470 1289 2499 Non
1313 2471 1414 2499 dubito
1438 2475 1465 2499 te
1489 2474 1524 2501 de
1547 2473 1669 2502 Valerii.
1707 2475 1744 2509 V,
1770 2476 1841 2505 546.

1219 2512 1289 2541 Non
1314 2514 1447 2550 equidem
1468 2516 1570 2544 dicam.
1608 2517 1644 2551 V,
1669 2517 1739 2546 226.

1220 2555 1289 2584 Non
1313 2557 1397 2585 facile
1420 2557 1552 2587 dixerim.
1587 2559 1640 2595 IV,
1665 2561 1736 2590 6-20‘.
