2299 2921
151 121 217 153 403

603 118 714 152 Ptin..
736 104 840 151 MEL.
865 117 1054 151 semr'rA
1076 114 1345 148 DOGMATlCA
1367 113 1425 146 ET
1447 112 1721 147 SYMBOLtCA‚

2104 116 2169 148 404

153 225 252 253 mum,
272 217 343 253 ¹⁰⁰)
371 214 399 245 O
422 224 512 246 mors
542 225 601 246 ero
628 224 719 246 mors
748 220 816 252 tua,
850 220 882 245 et
906 213 1011 255 pestis
1035 217 1090 243 tua
1114 221 1133 241 o
1162 208 1288 249 (tualia
1319 215 1352 240 et
1382 208 1572 250 corporalia
1606 209 1770 247 bona,¹⁰)
1800 208 1882 241 alias
1907 208 2016 248 aliter,
2049 215 2082 242 vt
2105 211 2169 253 ipsi

152 256 291 290 interne.
337 257 480 299 Propter
509 255 611 289 filium
634 258 685 288 dei
708 264 740 288 et
766 267 826 298 per
854 267 928 287 eum
956 254 1135 285 liberamur

154 311 174 333 a
197 306 301 332 morte
325 306 459 332 aeterna
483 305 515 331 et
537 299 766 332 transferimur
788 300 820 330 in
848 299 948 330 vitam
973 296 1045 335 [fol.
1059 297 1133 335 47²]

154 349 335 375 aeternam.
382 344 473 375 Sicut
503 343 576 383 ipse
598 343 719 383 inquit,
747 341 820 383 Ego
843 341 943 372 vitam
965 345 1135 371 aeternam

155 387 197 418 do
222 387 279 418 eis.
325 386 367 417 Et
390 386 412 416 1.
437 386 505 417 loh.
530 385 561 416 5.
609 385 671 420 Qui
700 384 800 416 habet
829 383 941 419 filium,
964 382 1065 414 habet
1088 382 1135 414 vi·
1161 393 1164 404 ¹

154 435 231 461 tam.
248 431 276 466 ¹)
320 429 372 460 Ae
406 429 447 459 sit
480 438 559 468 spes
589 433 680 458 certa
707 433 740 459 et
768 427 879 465 firma,
905 427 991 457 sicut
1013 425 1135 457 Petrus

153 472 299 513 inquiffli
322 469 473 502 Pet-fecte
491 476 635 511 sperate,
647 470 679 500 id
700 476 762 508 est,
783 480 849 501 non
862 469 961 501 dubia
983 469 1137 510 opinione
1162 471 1165 511 ξ

154 516 215 546 sed
238 513 331 545 firma
364 524 425 554 spe
449 518 622 554 expectate
646 513 745 544 vitam
770 518 954 549 aeternam,
982 510 1137 542 videlicet

153 564 289 631 propter
311 557 534 588 mediatorem.
580 556 621 586 Et
640 562 731 587 recte
746 555 953 597 Augustinus
977 555 1093 595 inquit,
1106 556 1136 592 3)
1162 566 1166 592 ι
1188 550 1302 582 Lucae
1325 550 1357 582 6-
1403 550 1491 582 Date
1526 557 1558 583 et
1592 552 1722 583 dabitur
1752 553 1859 583 vobis.

1161 263 1250 293 {sua
1282 251 1497 283 inenarrabili
1532 252 1696 294 sapientia
1728 253 1981 289 videtur.¹1).s.

1275 294 1347 332 [fol.
1382 294 1457 333 48³]
1485 295 1500 325 l
1525 294 1665 326 Timoth.
1690 295 1719 326 4.
1764 294 1876 326 Pietas
1899 293 1999 327 habet
2034 295 2169 336 promis-

1188 337 1303 368 siones
1343 337 1528 378 praesentis
1570 343 1603 368 et
1646 336 1775 370 futurae
1819 339 1918 370 vitae.
1979 337 2083 369 Marci
2119 338 2169 370 10.

1187 379 1362 420 Recipient
1395 379 1583 421 centuplum
1616 381 1648 412 in
1681 379 1747 412 hac
1780 381 1858 419 vita,
1892 381 1952 413 sed
1997 390 2071 412 cum
2115 382 2171 413 tri-

1188 421 1370 460 bulatione,
1401 428 1432 454 et
1461 429 1537 463 post
1566 423 1653 455 hanc
1682 424 1802 462 vitam,
1848 424 1947 455 vitam
1992 429 2159 456 aeternam

1189 464 1304 496 Matth.
1342 466 1457 503 10.12)
1514 465 1577 501 Qui
1611 467 1738 498 dederit
1774 472 1885 506 potum
1913 468 1969 497 vni
2003 476 2044 497 ex
2082 466 2169 498 mini-

1188 508 1251 539 mis
1290 516 1425 549 propter
1459 508 1665 547 doctrinam,
1710 519 1776 540 non
1819 510 1936 550 perdet
1973 510 2173 542 mercedem.

1911 551 2019 583 Exodi
2049 552 2100 584 20.
2119 554 2170 589 ¹³)

184 600 269 630 otius
303 599 445 630 fiduciae
479 598 640 630 certitudo
676 604 728 630 est
757 598 791 629 iu
814 597 977 640 sanguine
1001 596 1136 628 Christi.
1162 598 1166 630 ί
1189 593 1326 625 Honora
1349 599 1478 634 patrem
1502 599 1535 625 et
1557 601 1707 632 matrem,
1731 600 1766 626 vt
1789 595 1836 626 sis
1860 593 2046 636 longaeuus
2070 603 2173 635 supra

154 642 337 683 Utrumque
372 641 593 673 certissimum
627 642 681 678 sit,
715 646 870 683 agentem
903 638 1166 682 poenitentiam‘

154 690 291 727 propter
314 682 416 716 filium
439 685 492 715 dei
515 684 619 725 gratis
643 684 707 715 fide
731 685 884 726 accipere
907 683 1138 715 remissionem

154 733 370 770 peccatorum
393 732 425 758 et
446 726 726 765 iustificationem,
755 733 788 758 et
808 729 928 762 tunc⁴)
951 736 1026 757 esse
1044 725 1138 757 here-

156 771 231 802 dem
253 770 340 802 vitae
363 776 531 802 aeternae.
566 770 660 801 Sicut
678 769 801 801 Paulus
824 771 928 812 inquit
941 771 971 807 ⁵)
996 768 1137 804 Qnicun·
1162 786 1166 805 ι

156 823 220 854 que
244 813 361 854 spiritu
385 813 438 845 dei
463 819 618 855 aguntur,
642 813 676 845 hi
698 818 776 845 sunt
798 812 854 855 filij
877 813 941 850 dei,
970 812 1006 843 Si
1028 817 1138 843 autem

155 855 226 897 filij,
248 855 390 887 heredes
414 856 478 888 Dei
501 863 563 888 etc.

242 924 283 956 Et
309 930 418 956 tamen
449 924 546 956 simul
572 935 685 957 verum
718 930 769 956 est
792 934 864 962 eos,
888 925 943 965 qui
965 924 1039 962 [fol.
1063 923 1135 963 47¹³]
1160 899 1165 1004 ἰ

157 966 329 999 effundunt
353 968 510 1009 Spiritum
529 968 700 1006 Sanctum,
725 967 918 999 deficientes
940 977 960 998 a
982 968 1059 1004 fide,
1082 974 1139 998 aut

155 1016 292 1042 ruentes
319 1017 435 1042 contra
459 1011 706 1049 conscientiam,
728 1021 791 1042 nec
814 1011 954 1042 redeunt
976 1011 1018 1041 ad
1042 1010 1138 1041 deum

155 1063 215 1094 per
234 1054 486 1094 poenitentiam,
509 1064 575 1085 non
600 1063 675 1085 esse
698 1053 852 1086 heredes.
903 1054 997 1085 Sicut
1021 1052 1139 1085 dicitur

155 1097 198 1128 ad
222 1095 363 1128 Galatas
379 1098 409 1132 ⁶)
435 1096 498 1132 Qui
519 1098 597 1128 talia
609 1102 724 1139 agunt,
747 1107 886 1139 regnum
900 1097 952 1128 dei
972 1106 1039 1128 non
1063 1106 1139 1137 pos-

156 1139 320 1171 sidebunt.
359 1139 440 1177 ⁷)Et
464 1139 684 1171 1.Timoth.l.
718 1139 824 1171 Milita
847 1141 968 1171 bonam
980 1138 1138 1176 militiam,

157 1181 286 1214 habens
304 1182 403 1214 fidem
427 1188 459 1213 et
481 1184 602 1214 bonam
615 1184 865 1221 conscientiam,
888 1193 982 1224 quam
1007 1182 1138 1224 quidam

156 1223 359 1266 repellentes
385 1226 474 1256 circa
497 1225 594 1257 fidem
618 1225 826 1267 naufragium
848 1225 1008 1257 fecerunt.
1024 1228 1052 1261 ⁷)
1097 1224 1140 1255 Et
1163 1229 1167 1265 ι

156 1267 275 1299 Matth.
299 1268 351 1299 ⁶25.
393 1267 524 1300 Esuriui
554 1276 583 1300 et
598 1279 664 1300 non
685 1269 822 1300 dedistis
840 1267 917 1299 mihi
929 1268 1140 1305 manducare,

156 1310 198 1341 Et
220 1310 314 1342 ibunt
337 1311 370 1342 hi
393 1312 425 1341 in
448 1311 646 1353 supplicium
669 1318 849 1346 aeternum,
873 1311 952 1343 lusti
974 1317 1084 1343 autem
1106 1311 1140 1342 in

155 1354 254 1385 vitam
277 1359 457 1386 aeternam.

244 1425 400 1459 Ceterum
421 1428 485 1459 etsi
508 1427 575 1459 vita
594 1433 731 1460 aeterna
750 1428 848 1460 datur
870 1433 1006 1469 propter
1039 1426 1140 1459 filium

157 1469 208 1500 dei
232 1471 365 1509 renatis,
389 1476 499 1502 tamen
523 1470 621 1503 simul
644 1472 741 1503 etiam
764 1477 815 1502 est
827 1481 955 1502 merces
978 1472 1139 1502 bonorum

157 1522 313 1554 operum,
338 1514 424 1545 sicut
455 1514 573 1546 dicitur
583 1515 614 1552 S)
638 1515 769 1547 Merces
794 1520 905 1546 vestra
929 1515 1066 1555 copiosa
1088 1519 1140 1545 est

155 1554 189 1586 in
213 1554 328 1587 coelis.
373 1556 418 1588 Vt
430 1557 660 1598 patrimonium
684 1564 735 1589 est
753 1568 881 1588 merces
906 1555 1055 1589 laborum
1067 1556 1139 1599 filij,

155 1599 283 1630 etiamsi
318 1605 457 1640 propter
489 1599 587 1631 aliam
628 1611 763 1632 causam
798 1600 865 1631 filio
900 1601 1138 1638 att1·ibuitur.⁹)

154 1641 334 1673 Praeterea
353 1642 478 1674 addidit
495 1643 576 1675 deus
597 1644 692 1675 bonis
711 1644 868 1685 operibus
885 1653 965 1677 suas
978 1645 1139 1686 quasdam
1161 1645 1166 1688 J

155 1685 407 1725 promissiones,
454 1685 565 1721 Quare
610 1693 642 1717 et
675 1698 737 1728 pro
762 1688 857 1718 bonis
881 1689 1037 1729 operibus
1062 1698 1138 1720 san-

157 1732 286 1759 ctorum
311 1728 424 1760 tribuit
444 1729 525 1761 deus
549 1729 645 1761 etiam
678 1731 711 1762 in
745 1729 808 1762 hae
829 1731 895 1762 vita
918 1731 1022 1763 multa
1043 1732 1138 1773 spiri·

156 1919 218 1951 100)
239 1920 334 1944 dietum
367 1921 563 1955 dulcissimum]
591 1922 640 1946 Ed.
669 1924 692 1947 4.
720 1924 745 1946 in
772 1931 869 1955 mitry„
902 1923 981 1948 Editt.
1006 1924 1081 1948 5—7.
1109 1925 1136 1949 in

223 1958 292 1978 textu
311 1954 420 1979 addunt:
439 1956 541 1980 Hoseae
563 1957 602 1981 13.

173 1997 200 2028 1)
220 1997 253 2021 Et
274 1999 295 2022 l.
316 1997 372 2022 Iob.
394 1999 417 2023 5.
438 2013 471 2016 —
490 1999 591 2033 vitam]
612 1999 677 2029 haec,
697 2008 759 2033 quae
777 2002 802 2025 in
821 2009 888 2025 omn.
908 2001 988 2026 Editt.
1013 2002 1134 2034 leyurztur,

222 2031 284 2089 Mczl.
304 2033 331 2055 in
349 2041 428 2065 mary.
449 2034 596 2066 adse-imin
617 2035 698 2059 Editt.
721 2036 795 2060 1—3.
815 2037 837 2059 8.
854 2039 910 2069 post
928 2037 1007 2061 vitam
1026 2037 1133 2061 addant:

223 2073 253 2090 ac
268 2073 363 2091 ernam.

171 2109 201 2140 2)
221 2108 312 2167 {etrus
330 2110 426 2142 inquit]
446 2111 494 2134 Ed.
514 2113 538 2136 4.
566 2113 591 2135 in
610 2121 704 2144 πων-9,,
722 2113 771 2137 Ed.
793 2112 817 2137 6.
844 2114 868 2136 in
892 2117 960 2138 textu
985 2114 1089 2138 addunt:
1108 2116 1132 2139 1.

245 2150 278 2167 e.
318 2162 323 2167 .

171 2186 200 2218 3)
219 2186 313 2218 inquit]
333 2187 413 2211 Editt.
436 2189 512 2212 4—7.
534 2188 640 2212 addunt:
660 2191 685 2213 in
704 2190 771 2213 libro
791 2191 1002 2215 meditationum:

170 2230 199 2260 4)
221 2229 291 2262 tune]
312 2231 348 2254 sic
366 2230 449 2260 Cod.;
469 2231 550 2256 Editt.
571 2240 654 2256 cunr:
674 2233 741 2256 hunc

170 2271 199 2302 5)
218 2271 313 2296 Paulus
334 2274 428 2306 inquit]
449 2275 499 2299 Ed.
519 2277 544 2299 4.
570 2276 596 2299 in
618 2284 712 2308 mam„
739 2276 819 2301 Editt.
844 2276 921 2302 5-7,
947 2278 971 2301 in
997 2281 1065 2302 textu
1089 2278 1133 2303 ad-

223 2306 294 2330 dunt:
314 2306 390 2333 Rom.
412 2310 435 2333 8.

170 2349 199 2379 6)
219 2350 252 2373 aa
271 2349 387 2382 Galatas]
408 2351 457 2375 Ed.
477 2353 501 2376 4.
527 2353 552 2376 in
577 2361 671 2385 marq„
696 2352 776 2378 Edita.
800 2354 875 2378 5—7.
899 2355 926 2378 in
948 2358 1017 2380 textu
1042 2355 1134 2380 addam
1157 2343 1160 2408 l
1186 2360 1232 2392 15)

223 2384 312 2416 capitis
332 2393 466 2410 numerum:
486 2387 510 2411 ὁ.

1189 641 1320 667 terram.
1365 635 1486 667 Esaiae
1509 636 1560 668 33.
1608 637 1707 668 Panis
1747 639 1776 668 ei
1806 638 1949 675 dabitur,
1972 646 2080 678 aquae
2101 638 2171 668 eius

1190 684 1285 710 erunt
1314 684 1436 710 certae.
1488 679 1614 722 Regem
1636 682 1670 711 in
1694 681 1814 711 decore
1837 680 2032 718 visternum)
2054 680 2087 711 id
2110 685 2172 718 est,

1190 732 1251 763 pro
1287 721 1476 753 obedientia
1511 728 1543 753 et
1577 724 1672 754 bonis
1706 724 1862 764 operibus
1886 722 1979 755 Deus
2004 723 2059 754 dat
2083 728 2170 754 tran-

1191 763 1311 805 quillas
1329 763 1475 805 politiam,
1487 765 1661 797 honestam
1679 772 1711 797 et
1722 765 1886 807 placidam
1900 765 2171 807 gubernationem

1191 813 1254 839 etc.
1301 807 1421 838 Esaiae
1445 807 1496 839 0‘8.
1538 808 1669 850 Frange
1693 809 1848 839 esurienti
1871 818 1989 849 panem
2012 814 2114 847 tuum,
2139 813 2172 839 et

1163 877 1168 889 ,
1191 850 1257 881 eris
1280 851 1367 881 sicut
1390 850 1508 882 hortus
1530 850 1674 892 irriguus
1698 858 1762 882 etc.
2061 873 2064 877 Δ

1277 892 1318 924 Et
1347 899 1459 924 notum
1483 899 1534 924 est
1556 893 1742 935 exemplum
1771 894 1889 925 viduae
1918 893 1991 931 [fol.
2015 893 2088 931 48³²]
2113 893 2172 924 Sa-

1189 941 1359 976 reptanae.
1376 938 1425 969 15)
1446 936 1499 967 Ac
1520 935 1672 968 Psalmus
1697 937 1843 971 dicit-¹⁶)
1875 936 1965 977 Opes
1989 941 2019 967 et
2042 935 2173 967 diuitiae

1190 979 1342 1016 domi17)
1366 979 1448 1017 eius,
1494 978 1579 1014 Quia
1601 980 1685 1010 enim
1708 980 1741 1010 in
1765 979 1828 1010 hac
1855 978 1984 1010 mortali
2017 984 2050 1009 et
2079 988 2173 1010 aeru-

1190 1031 1307 1053 mnosa
1321 1022 1388 1053 vita
1400 1022 1480 1053 deus
1498 1020 1684 1054 Ecclesiam
1700 1021 1837 1064 colligit,
1862 1027 1894 1052 et
1905 1020 1977 1053 vult
2000 1031 2072 1053 eam
2096 1030 2173 1052 esse

1190 1064 1364 1096 honestam
1400 1066 1704 1106 congregationem,
1738 1066 1875 1106 praebet
1907 1065 1936 1096 ei
1969 1063 2080 1106 aliqua
2114 1063 2173 1096 ho-

1191 1108 1288 1148 spitia
1311 1107 1507 1145 mediocria,
1531 1108 1668 1148 praebet
1703 1108 1799 1139 nidos
1823 1108 1888 1149 pijs
1911 1105 2055 1149 familijs,
2078 1117 2174 1148 puer-

1190 1151 1292 1191 peris,
1314 1151 1499 1181 educationi
1523 1160 1711 1191 puerorum,
1738 1151 1967 1192 propagationi
1991 1151 2174 1188 doctrinae,

1192 1193 1333 1234 denique
1355 1191 1426 1223 uult
1437 1203 1642 1224 conseruare
1664 1194 1796 1235 generis
1815 1192 1946 1224 humani
1970 1193 2176 1230 societatem,

1193 1237 1404 1266 oeconomias
1433 1241 1466 1266 et
1491 1235 1636 1276 politias,
1667 1242 1700 1267 et
1728 1236 1857 1277 quidem
1884 1235 1971 1273 ideo,
2002 1241 2038 1266 vt
2059 1232 2175 1276 colligi

1192 1276 1345 1310 Ecclesia
1367 1278 1485 1318 possit.
2165 1279 2167 1281 ’

1279 1320 1391 1356 Quare
1424 1326 1561 1361 propter
1600 1325 1792 1352 sanctorum
1821 1329 1941 1360 preces
1975 1325 2007 1350 et
2037 1324 2177 1361 propter

1193 1373 1305 1395 eorum
1329 1362 1530 1405 diligentiam
1554 1368 1586 1393 et
1608 1368 1743 1404 propter
1762 1372 1970 1394 communem
1992 1363 2178 1393 necessita-

1192 1412 1256 1438 tem
1281 1406 1393 1438 tribuit
1421 1405 1600 1448 aliquando
1632 1405 1904 1447 gubernationem
1927 1405 2033 1436 minus
2062 1405 2177 1436 turbu·

1192 1448 1326 1487 lentam,
1348 1459 1475 1490 pacem,
1494 1448 1751 1480 foecunditatem
1763 1458 1919 1490 agrorum
1941 1455 1973 1479 et
1995 1446 2061 1479 alia
2073 1448 2175 1486 bona,

1190 1498 1227 1524 ut
1249 1497 1386 1533 propter
1414 1491 1546 1533 loseph,
1578 1491 1740 1530 Naaman,
1765 1490 1956 1529 Danielem,
1985 1500 2099 1532 regna·
2116 1488 2175 1521 illa

1191 1533 1340 1566 feliciora
1369 1541 1474 1566 erant.
1520 1534 1562 1565 Et
1590 1534 1743 1566 Ieremias
1774 1534 1843 1572 [fol.
1868 1533 1940 1571 49³]
1969 1543 2040 1574 cap·
2065 1531 2171 1571 29¹8)

1191 1579 1361 1620 praecipit,
1395 1584 1429 1610 ut
1464 1576 1578 1609 exules
1612 1578 1646 1608 in
1679 1575 1853 1619 Babylone
1886 1581 1999 1617 petant
2027 1575 2172 1616 hospitio

1190 1631 1307 1663 pacem
1342 1626 1373 1652 et
1401 1619 1580 1652 salutarem
1608 1620 1890 1661 gubernationem.
1949 1618 2041 1650 Sicut
2075 1618 2173 1649 etiam

1189 1674 1270 1705 sepe
1283 1670 1418 1706 propter
1430 1662 1603 1694 Ecclesiae
1626 1661 1747 1693 delicta
1761 1661 1968 1694 cumulantur
1980 1671 2120 1703 poenae,
2133 1665 2169 1692 ut

1190 1707 1223 1738 in
1236 1704 1345 1749 poena
1357 1707 1460 1738 tribus
1474 1705 1656 1742 Beniamin,
1669 1704 1810 1736 Dauidis
1823 1711 1854 1736 et
1863 1703 1939 1744 alijs
1954 1704 2168 1745 conspicitur.

1276 1749 1358 1782 Vult
1390 1754 1498 1780 autem
1528 1749 1610 1780 deus
1638 1747 1777 1789 intelligi
1806 1748 1891 1779 haec
1914 1747 2076 1778 beneficia
2099 1755 2171 1777 cor-

1188 1793 1261 1833 pori
1284 1792 1483 1832 necessaria,
1505 1791 1626 1822 etsciri
1650 1789 1721 1822 vult
1743 1800 1782 1821 ea
1794 1791 1949 1822 diuinitus
1961 1789 2070 1828 tribui,
2091 1787 2172 1820 Vult

1187 1837 1220 1866 in
1252 1836 1300 1867 eis
1327 1834 1477 1876 petendis
1507 1834 1653 1866 exerceri
1677 1833 1786 1872 fidem,
1810 1839 1846 1865 ut
1868 1842 1930 1865 suo
1953 1831 2029 1864 loco
2060 1832 2172 1872 copio-

1187 1973 1232 2003 10)
1252 1972 1340 2003 bona,]
1359 1973 1440 1996 Editt.
1462 1972 1538 1995 1—3.
1559 1972 1596 1996 8.:
1619 1972 1696 2001 dona,

1185 2016 1231 2046 11)
1251 2015 1374 2047 videtur]
1393 2015 1443 2038 Ed.
1464 2014 1502 2037 6.:
1523 2015 1622 2045 placet:
1644 2028 1675 2032 —
1694 2013 1764 2038 Haec
1783 2012 1871 2038 verba:
1897 2012 1984 2041 Quare
2011 2017 2037 2035 et.
2060 2019 2107 2043 pro
2127 2012 2171 2036 bo-

1255 2051 1294 2074 nis
1322 2057 1362 2080 op.
1389 2063 1421 2067 ———
1446 2050 1574 2080 sapientia
1600 2049 1708 2073 videtur.
1738 2058 1754 2072 α
1780 2047 1952 2071 Melanthone
1978 2047 2005 2071 ιή
2027 2055 2106 2077 marq.
2133 2047 2171 2070 in-

1247 2085 1346 2115 feriore
1364 2084 1458 2115 scripta
1476 2086 1532 2107 sunt
1547 2091 1595 2115 pro
1615 2083 1680 2107 hisce
1706 2081 1804 2106 scribae
1825 2081 1908 2106 verbis
1931 2080 1962 2105 ab
1987 2081 2042 2113 ipso
2066 2080 2168 2105 deletis:

1255 2118 1341 2147 Quare
1360 2118 1458 2149 premia
1475 2122 1606 2141 merentur
1626 2122 1650 2141 et
1668 2122 1726 2149 post
1743 2117 1809 2140 hanc
1829 2117 1909 2139 vitam
1933 2115 2069 2139 reddenda
2091 2118 2116 2138 et
2141 2115 2169 2138 in

1255 2153 1303 2176 hac
1323 2154 1390 2182 vita,
1410 2152 1562 2183 Spiritualia
1581 2157 1606 2176 et
1625 2151 1770 2183 corporalia
1788 2151 1861 2174 iuxta
1880 2150 2017 2173 eonsilium
2036 2149 2085 2173 dei.

1186 2197 1231 2227 12)
1250 2195 1347 2219 Matth.
1368 2196 1408 2219 10.
1430 2195 1480 2227 (vsa
1501 2195 1560 2227 42)]
1578 2195 1661 2220 Editt.
1682 2194 1758 2218 1-5,
1777 2193 1817 2216 8.:
1836 2192 1930 2216 Matth.
1953 2193 1992 2216 11.

1187 2240 1231 2271 13)
1251 2239 1337 2262 Exodi
1358 2239 1398 2263 20.
1420 2238 1470 2269 (vs.
1492 2238 1558 2270 120]
1578 2238 1626 2264 Ed.
1647 2237 1687 2262 3.:
1706 2236 1791 2260 Exodi
1812 2237 1852 2259 10.
2006 2258 2009 2265 ,Ἴ
2159 2257 2163 2259 ,

1187 2284 1232 2314 14)
1252 2282 1372 2313 videbit,]
1391 2282 1426 2305 sic
1446 2282 1510 2306 Cod.
1532 2289 1561 2306 ez
1580 2280 1644 2304 Mel.
1665 2279 1840 2307 emendation&
1858 2277 1940 2301 scriba
1962 2278 2111 2310 scripserat:
2131 2277 2169 2315 Vij

1257 2316 1367 2345 debunt,
1388 2324 1486 2348 eamque
1499 2316 1607 2346 formam
1627 2322 1695 2339 omn.
1715 2314 1796 2338 Editt.
1816 2315 1935 2344 repetunt.

1252 2358 1434 2417 {arfiptanziief}
1453 2359 1502 2382 Ed.
1523 2360 1546 2383 4.
1567 2359 1593 2382 in
1612 2366 1707 2389 mar9.,
1726 2357 1807 2382 Editt.
1828 2357 1905 2381 5—7.
1925 2356 1952 2379 in
1971 2358 2043 2380 textu.
2062 2353 2167 2378 addunt:

1274 2412 1278 2417 .
1323 2401 1364 2424 eg.
1420 2411 1425 2416 .

173 2425 201 2456 7)
221 2426 253 2449 Et
275 2428 296 2450 1.
318 2427 432 2453 Titnotl]⁴
453 2431 517 2454 1.—
533 2430 672 2465 fecerum]
693 2430 751 2457 haec
769 2432 831 2456 Mel.
850 2433 876 2456 in
893 2441 972 2465 marq.
992 2433 1133 2466 adscripsit.
1157 2421 1160 2469 i
1187 2437 1231 2468 16)
1251 2438 1290 2460 Ac
1309 2436 1424 2460 Psaimus
1444 2435 1526 2467 dicit‚]
1546 2436 1583 2459 sic
1601 2435 1684 2464 cod,;
1711 2434 1791 2458 Editt.
1817 2441 1902 2457 omn.:
1926 2436 1951 2456 et
1975 2431 2070 2463 psaltes
2095 2429 2168 2459 dicit,

173 2468 200 2499 8)
221 2469 406 2528 3}3ttt111]r]5Ed.
435 2474 465 2496 4:
492 2474 516 2497 in
545 2482 638 2506 marry„
666 2475 747 2499 Editt.
773 2476 849 2499 5-7.
877 2477 903 2500 in
930 2479 999 2501 textu
1028 2477 1132 2501 addunt:

172 2545 200 2575 9)
222 2553 324 2570 cansam
344 2547 398 2571 filio
419 2550 587 2582 attribuitur]
606 2553 641 2575 sic
659 2552 722 2576 Mel.
742 2553 767 2576 in
786 2561 864 2586 mary.
885 2553 1018 2579 emendavit
1037 2553 1134 2580 scribae

224 2580 297 2604 verba
318 2580 348 2605 ab
369 2584 421 2613 ipso
441 2583 532 2608 deleta:
553 2594 655 2610 causam
677 2587 812 2618 contingit.

1254 2470 1342 2503 quibus
1369 2471 1417 2495 Ed.
1447 2472 1471 2495 4.
1506 2471 1531 2493 in
1558 2477 1653 2501 τηατ-9.,
1686 2469 1768 2492 Editt.
1797 2469 1872 2492 5—7.
1907 2469 1933 2491 in
1965 2469 2035 2491 textu
2062 2464 2167 2488 addunt:

1254 2505 1356 2529 Psalmo
1379 2505 1441 2528 112:

1187 2548 1232 2579 17)
1253 2548 1333 2579 domi]
1352 2548 1388 2571 sic
1407 2547 1490 2576 Cod.;
1511 2547 1590 2571 Editt.
1610 2553 1693 2570 omn.:
1713 2547 1738 2569 in
1758 2546 1834 2569 domo

1187 2591 1232 2623 18)
1253 2598 1307 2622 cap.
1327 2590 1380 2622 29]
1400 2591 1436 2614 sic
1454 2594 1520 2615 recte
1537 2589 1619 2619 Cod.;
1638 2589 1719 2614 Editt.
1740 2596 1825 2613 omn.:
1846 2594 1901 2619 cap.
1924 2586 1964 2611 19.
