2299 2921
155 122 222 154 359
609 123 723 156 PHIL.
744 121 850 155 MEL.
869 122 1056 155 SCRIPTA
1078 122 1349 156 DOGMATlCA
1370 123 1426 156 ET
1449 122 1718 156 SYMBOLICA.
2106 126 2171 159 360

410 217 535 248 Partitio
555 217 647 248 huius
665 217 723 248 Ed.
744 218 850 248 eadem
874 220 923 247 est
941 227 976 247 ac
993 217 1214 256 praecedentis.
1246 217 1416 258 Apologiae
1433 217 1542 248 titulus
1560 219 1597 249 ab
1617 218 1669 248 illa
1687 228 1723 248 eo
1743 218 1851 255 differt,
1872 219 1953 259 quod
1971 220 2071 251 verbis
2090 221 2169 252 tituli

409 261 472 291 illic
494 259 596 291 Lufftii
620 263 755 300 insigne,
774 261 823 290 hic
847 270 918 289 vero
941 259 1147 289 Melanthonis
1172 262 1269 300 imago
1292 262 1453 291 subiuncta
1472 265 1537 296 est;
1561 261 1614 291 ult.
1633 261 1683 291 sol.
1702 260 1746 292 Rr
1770 263 1787 291 8
1812 261 1913 292 album
1937 266 1994 294 est.

315 329 363 359 An
383 330 472 359 etiam
495 330 573 359 aliae
599 329 797 368 repetitiones
824 328 907 357 illius
930 327 987 358 Ed.
1012 328 1303 368 Wittembergeusis
1329 338 1355 360 a.
1379 331 1468 360 1559.
1496 330 1648 360 extiterint
1664 330 1713 360 vel
1736 330 1899 370 peculiaris
1923 341 2045 371 quoque
2067 331 2170 362 Editio

159 372 454 412 Wittembergensis
477 372 569 402 huius
593 370 808 401 confessionis
831 371 1000 401 Saxonicae
1023 371 1176 410 prodierit,
1195 372 1309 401 nescio.
1323 373 1356 409 ³¹²)

161 497 192 527 5.
225 495 275 526 De
289 495 480 535 Corporibus
492 495 656 525 doctrinae
668 495 798 535 aliisque
812 494 965 534 Operibus
974 494 1080 524 seculi
1090 494 1180 524 XVI.
1195 498 1225 524 et
1236 495 1268 524 X
1274 495 1357 531 1⁷11„
1368 497 1400 524 in
1417 496 1525 535 quibus
1539 496 1703 534 Confessio
1715 496 1877 526 saxonica
1889 495 1988 527 latina
2000 497 2170 530 exhibetur.

316 580 400 611 Haec
422 579 590 610 Confessio
608 581 698 610 etiam
717 583 840 619 recepta
863 583 913 609 est
935 580 964 609 in
987 579 1084 609 hosce
1102 579 1213 609 libros:

369 651 394 673 a.
427 642 456 670 in
480 640 533 671 lat.
559 639 682 679 Corpus
704 640 868 670 doctrinae
892 639 1082 669 christianae
1110 639 1322 679 Philippicum
1350 650 1376 670 s.
1406 640 1580 676 Misnicum,
1600 642 1689 671 cuius
1716 642 1813 671 varias
1836 640 1997 672 Editiones
2021 643 2050 672 in
2079 642 2170 673 huius

477 681 568 723 Corp.
593 683 664 713 Res.
683 682 847 712 Volumine
870 683 956 713 XXI.
975 693 1004 722 p.
1030 684 1089 712 587
1113 692 1180 722 sqq.
1199 684 1349 713 recensui.
1393 683 1433 713 Iu·
1444 683 1503 713 1106
1522 683 1611 724 Corp.
1632 683 1764 724 Philipp.
1786 684 1862 714 haec
1886 684 1973 714 Cous.
1992 685 2079 715 tertio
2101 685 2171 715 1060

477 730 579 756 exstat
607 727 654 755 sic
683 726 843 765 inscripta:
875 725 1037 763 Confessio
1065 725 1242 755 Doctrinae
1274 726 1753 761 Saxonicarvm-Ecclesiar-vm,
1784 728 1903 766 scripta
1933 737 2015 758 anno
2044 728 2173 758 Domini

476 769 520 798 M.
534 769 576 798 D.
590 768 645 798 LI.
669 773 700 798 vt
721 769 853 809 Synodo
881 768 1084 798 Tridentinae
1107 768 1310 798 exhiberetur.
1354 768 1385 798 In
1404 768 1461 799 Ed.
1481 771 1626 810 principe,
1646 780 1723 809 quae
1746 769 1877 809 Lipsiae
1903 773 1993 801 1560.
2013 770 2080 800 Fol.
2106 781 2172 811 pro-

477 812 545 845 diit,
579 811 690 850 legitur
717 811 923 841 Melanthonis
952 811 1155 851 praefatione,
1186 813 1480 852 subscriptionibuS,
1514 817 1605 852 atque
1631 815 1647 842 6
1674 813 1797 852 scriptis
1827 813 1992 852 legatorum
2026 815 2172 845 instmcta

475 864 504 894 p.
529 856 718 885 233—308.

370 911 398 941 b.
436 911 465 940 in
495 909 755 940 Melanthonis
788 909 921 948 Operum
941 908 1161 939 Collectionem
1181 910 1489 949 Wittembergensem
1516 909 1676 940 Peuceri
1700 920 1769 939 cura
1793 920 1820 941 a.
1842 912 2074 942 1562—1564.
2103 912 2171 942 Fol.

477 953 605 987 editam,
632 954 660 982 in
686 954 772 982 cuius
799 951 1001 982 Collectionis
1023 951 1112 982 Parte
1135 954 1177 989 Ι..
1210 963 1297 991 quam
1329 954 1357 982 in
1382 953 1433 982 illo
1458 952 1529 983 Vol.
1552 953 1639 983 XXI.
1658 963 1687 992 p.
1708 955 1768 983 589
1788 963 1858 992 sqq.
1886 955 2042 990 recensui,
2067 958 2171 993 quarto

477 996 545 1025 loco
564 995 640 1025 haec
664 994 754 1025 Conf.
778 1006 807 1034 p.
838 997 1028 1026 121-147,
1058 995 1169 1034 legitur
1193 996 1301 1025 iisdem
1326 996 1427 1025 verbis
1451 997 1594 1035 inscripta
1618 996 1791 1035 iisdemque
1819 997 1966 1026 instructa
1994 1006 2030 1026 ac
2059 998 2089 1026 in
2119 996 2172 1027 illo

476 1037 567 1078 Corp.
592 1038 725 1079 Philipp.
761 1038 843 1068 Idem
867 1038 1026 1068 dicendum
1047 1042 1095 1068 est
1118 1039 1156 1068 de
1175 1038 1232 1068 hac
1255 1037 1344 1069 Parte
1363 1040 1385 1069 I.
1409 1049 1434 1069 a.
1459 1040 1548 1069 1580.
1572 1038 1637 1068 Fol.
1657 1048 1765 1068 recusa
1783 1039 1891 1069 eodem
1909 1039 1978 1069 loco
1997 1049 2026 1079 p.
2049 1042 2106 1070 591
2123 1050 2171 1079 sq.

473 1082 633 1111 recensita.

368 1147 394 1167 6.
433 1138 461 1167 in
484 1137 688 1166 Doclecadem
710 1136 904 1175 Scriptorum
932 1135 1184 1175 Theoloyicoram
1206 1140 1267 1165 tum
1301 1136 1440 1166 Veterum
1469 1140 1530 1166 tum
1553 1137 1719 1166 recentium
1743 1147 1806 1175 pro
1834 1137 1979 1167 studiosa
2007 1138 2165 1168 iuuentute

476 1183 505 1209 et
530 1179 723 1209 Candislatis
745 1180 926 1210 Ministerii.
958 1178 1181 1217 Norirnberqae
1208 1181 1297 1210 1646.
1320 1181 1364 1209 4⁰.
1409 1179 1512 1209 Serior
1530 1179 1621 1209 huius
1645 1180 1787 1209 editionis
1819 1181 1957 1219 repetitio
1976 1189 2002 1210 a.
2026 1182 2115 1210 1721.
2137 1182 2174 1210 4⁰

475 1222 568 1253 habet
590 1222 726 1252 titulum:
744 1222 834 1252 Libri
855 1222 1021 1252 Nor-males
1041 1221 1286 1260 Noriberyenses
1305 1226 1361 1251 etc.
1374 1224 1425 1260 Η)
1455 1221 1486 1251 In
1506 1222 1564 1252 hoc
1591 1223 1670 1252 enim
1689 1221 1792 1261 Opere
1810 1226 1897 1252 sexto
1917 1222 1984 1252 1060
2004 1221 2170 1253 Confessio

476 1264 588 1295 Saxon.
608 1275 646 1294 ex
664 1265 721 1296 Ed.
741 1265 828 1304 Lips.
852 1276 878 1294 a.
901 1267 993 1295 1553.
1016 1273 1125 1294 recusa
1146 1268 1204 1295 est.

432 1318 464 1350 ln
484 1319 625 1359 Corpore
648 1320 813 1350 doctrinae
836 1320 1026 1350 christianae
1053 1319 1259 1349 Pomeranico
1282 1320 1451 1359 germanica
1480 1320 1547 1349 eius
1567 1319 1722 1349 translatio
1746 1329 1855 1350 recusa
1877 1323 1937 1350 est.
1983 1319 2031 1350 De
2057 1321 2171 1356 causis,

476 1374 537 1437 ξιξ-5
551 1363 627 1436 ἓᾶεο
649 1363 816 1436 ξοηῖεξςῐείο
842 1364 870 1392 in
899 1363 1026 1393 Librum
1060 1362 1259 1393 Concordiae
1283 1373 1340 1392 non
1372 1366 1495 1403 recepta
1525 1364 1583 1397 sit,
1617 1362 1836 1392 Bertramus
1865 1362 1884 1392 l.
1908 1362 1928 1393 l.
1960 1373 1989 1402 p.
2016 1365 2075 1393 539
2101 1372 2171 1403 sqq.

576 1417 625 1446 qq.
669 1417 783 1436 isseri.

370 1462 397 1492 d.
422 1463 451 1492 in
476 1461 658 1502 Chytraei
681 1462 856 1492 Historiam
879 1463 1081 1501 Auyustanae
1106 1461 1320 1499 Confessionis
1341 1461 1434 1490 latine
1452 1462 1611 1500 scriptam,
1632 1461 1720 1490 cuius
1741 1461 1817 1490 duas
1837 1460 1998 1491 Editiones
2023 1471 2050 1490 a.
2078 1464 2170 1492 1578.

477 1510 507 1535 et
534 1508 625 1536 1579.
650 1508 687 1536 40
710 1507 738 1535 in
758 1506 849 1535 huius
870 1503 960 1544 Corp.
979 1504 1051 1535 Vol.
1071 1504 1186 1535 XXVI.
1215 1514 1244 1544 p.
1268 1506 1324 1534 103
1346 1514 1415 1543 sqq.
1440 1505 1590 1533 recensui.
1636 1503 1667 1533 ln
1699 1507 1825 1543 utraque
1849 1503 1906 1533 Ed.
1934 1503 2010 1532 haec
2035 1501 2121 1532 Conf.
2140 1513 2170 1543 p.

477 1551 668 1579 471—541.
690 1547 801 1587 legitur
820 1559 886 1578 cum
910 1548 1004 1577 hocce
1023 1547 1167 1586 peculiari
1185 1547 1290 1577 titulo:
1315 1546 1477 1585 Confessio
1502 1546 1675 1576 Doctrinae
1702 1547 1927 1576 Saxonicarvm
1950 1545 2172 1584 Ecclesiarvm,

476 1593 596 1630 scripta
617 1601 697 1621 anno
717 1592 846 1621 Domini
867 1591 911 1620 M.
924 1590 967 1619 D.
981 1590 1038 1620 LI.
1058 1594 1087 1619 vt
1110 1590 1240 1630 Synoclo
1267 1589 1467 1619 Tridentinae
1489 1589 1690 1618 eoelziberetur.
1736 1587 1887 1627 (Insigne:
1912 1588 2052 1627 Angelus
2078 1587 2171 1627 globo

478 1635 632 1670 insidens⁷
655 1635 726 1665 tuba
749 1637 885 1672 canens.)
908 1633 953 1664 M.
966 1633 1007 1663 D.
1022 1632 1206 1663 LXXVIII.
1251 1631 1283 1662 ln
1307 1633 1365 1662 hac
1386 1632 1442 1662 Ed.
1462 1642 1561 1670 neque
1580 1631 1787 1661 Melanthonis
1812 1631 1973 1670 praefatio,
1992 1640 2092 1670 neque
2109 1631 2171 1670 Ap-

475 1677 602 1716 pendix‚
627 1688 727 1717 neque
749 1677 1008 1717 subscriptiones,
1029 1687 1128 1715 neque
1146 1675 1314 1715 legatorum
1337 1676 1450 1714 scripta
1472 1674 1543 1704 alibi
1562 1674 1664 1704 addita
1682 1674 1880 1703 inveniuntur.

368 1743 396 1763 e.
431 1731 464 1762 ln
489 1732 639 1764 Valent.
658 1733 861 1773 Erythraei
880 1732 957 1763 libro
976 1733 1136 1771 inscripto:
1157 1732 1358 1770 Aztsyustanae
1381 1730 1596 1768 Confessionis
1619 1732 1743 1769 eiusque
1765 1728 1944 1768 Apoloyiae
1970 1727 2096 1758 Tabulis
2118 1728 2170 1758 de-

477 1775 624 1813 lineatae,
648 1780 677 1805 et
700 1776 865 1814 resolutae,
887 1775 973 1805 Pars
994 1775 1134 1803 1-111.
1180 1774 1306 1804 Addita
1329 1777 1375 1803 est
1398 1783 1414 1802 e
1432 1775 1559 1812 reyione
1579 1772 1742 1810 Confessio
1762 1771 1973 1801 Ecclesz'arum
1990 1772 2168 1801 Saxonicu-

477 1829 559 1857 rum,
580 1823 610 1848 et
638 1819 980 1858 Vairtenzberyensium‚
1003 1817 1133 1857 Synodo
1157 1816 1356 1847 Tridentinae
1375 1816 1480 1846 oblata
1508 1820 1564 1846 etc.
1611 1815 1817 1854 Arqentorati
1835 1814 2028 1854 eoeprz‘mebat
2051 1814 2167 1845 Christ.

477 1861 606 1901 Mylins.
655 1864 746 1892 1565.
771 1864 862 1892 1567.
886 1860 971 1897 Pol..
995 1863 1026 1889 et

367 1917 386 1947 f.
432 1918 461 1947 in
486 1916 589 1957 Opere
612 1918 774 1956 inscripto:
794 1917 965 1946 Harmonia
986 1915 1219 1954 Confessionnm
1242 1915 1335 1944 Fidei
1359 1914 1615 1944 Orthocloxarurn
1639 1917 1670 1942 et
1687 1912 1936 1950 Refomnatarum
1958 1912 2169 1942 Ecclesiamm

475 1962 507 1989 in
522 1961 708 1999 praecipuis
726 1959 874 1999 Europae
892 1959 1027 1998 Reynis,
1047 1958 1236 1988 Nationibus
1255 1962 1284 1987 et
1306 1958 1507 1987 Provinciis:
1527 1957 1658 1986 additae
1682 1959 1751 1985 sunt
1775 1956 1817 1985 ad
1840 1955 1954 1985 calcem
1972 1955 2169 1986 breuis-simae

478 2003 718 2038 obseruationes.
739 2003 868 2032 obscura
887 2001 1094 2036 illustrantes,
1119 2001 1339 2035 conciliantes,
1359 2004 1388 2030 et
1411 2011 1488 2040 quae
1507 2004 1709 2030 controuerso
1728 2002 1865 2033 manent,
1890 1999 2082 2028 indicantes:
2107 1997 2168 2028 Ec-

476 2047 639 2076 etesiarum
660 2045 849 2076 Gallicarum
872 2049 900 2075 et
924 2044 1125 2084 Belyicarum
1144 2045 1274 2074 nomine.
1322 2043 1463 2073 Geneuae
1490 2046 1579 2073 1581.
1602 2045 1638 2072 40
1650 2043 1721 2080 1τίιῆ“)

412 2113 578 2145 Confessio
602 2116 715 2145 Saxcn.
739 2124 796 2143 non
821 2114 963 2143 continua
984 2114 1083 2148 serie,
1114 2113 1172 2142 sed
1189 2112 1387 2152 particulatim
1407 2111 1582 2145 exhibetur,
1602 2110 1680 2140 conf.
1704 2119 1782 2149 quae
1804 2119 1895 2148 supra
1924 2118 1952 2148 p.
1978 2111 2038 2139 335
2062 2118 2109 2147 sq.
2129 2107 2167 2137 de

413 2157 502 2190 Cons.
522 2158 682 2188 Wirtemb.
705 2158 812 2187 eodem
835 2157 924 2187 modo
948 2157 976 2186 in
997 2155 1045 2186 his
1065 2155 1184 2186 duobus
1209 2155 1362 2195 Operibus
1381 2156 1539 2195 proposita
1562 2154 1633 2183 dixi.

791 2283 818 2310 6.
864 2280 914 2309 De
937 2280 1056 2310 duabus
1078 2278 1282 2309 Eclitionibus
1305 2278 1539 2309 Genevensibus.

315 2367 348 2397 In
369 2368 426 2398 hac
448 2368 522 2398 urbe
543 2365 707 2397 Confessio
729 2366 879 2396 Saxonica
898 2376 964 2395 cum
984 2365 1088 2396 multis
1107 2365 1176 2395 aliis
1196 2364 1454 2394 confessionibus
1479 2363 1636 2393 coniuncta
1656 2361 1736 2391 edita
1755 2364 1803 2390 est
1826 2361 1854 2389 in
1877 2359 1973 2389 hocce
1995 2358 2088 2389 libro:

270 2462 297 2494 ⁸)
316 2463 554 2488 Rotermundus
573 2462 675 2493 quidem
694 2462 710 2487 1.
729 2462 744 2487 1.
763 2463 890 2487 memorat
913 2460 1053 2486 Editionem
1077 2461 1216 2491 Witeberg.
1241 2466 1264 2484 a.
1285 2459 1359 2483 1572.
1388 2459 1416 2481 11
1443 2458 1529 2488 plagg.
1549 2456 1591 2488 80;
1616 2457 1663 2482 sed
1686 2456 1726 2482 hie
1750 2456 1854 2481 minime
1879 2454 1945 2480 fidus
1969 2454 2042 2480 testis
2067 2454 2114 2479 est.
2133 2465 2165 2470 -

317 2497 504 2527 Feuerlino‚
523 2497 719 2527 mederer-o,
739 2497 908 2521 Bertramo
928 2501 958 2519 ac
975 2495 1036 2520 mihi
1055 2495 1126 2520 solae
1146 2495 1203 2519 illae
1223 2497 1276 2519 tres
1295 2494 1369 2518 Editt.
1386 2493 1515 2518 Wittemb.
1532 2492 1703 2517 innotuerunt.

252 2538 297 2570 ⁸⁸)
316 2539 377 2564 Vide
395 2539 602 2565 Feuerlinum
623 2539 672 2564 1,1.
691 2538 711 2563 1.
729 2538 805 2571 p.15
826 2544 861 2569 sq.
880 2543 917 2562 nr.
937 2538 978 2563 8ο.
999 2538 1040 2562 81.

235 2582 298 2613 ””)
318 2583 357 2608 Sic
376 2582 424 2607 1106
444 2582 526 2613 opus,
545 2581 612 2613 qnod
630 2581 744 2607 nondum
763 2581 828 2612 vidi,
846 2587 861 2606 a
879 2580 1055 2606 Fenerlino
1073 2580 1090 2606 1.
1109 2580 1125 2605 1.
1143 2578 1163 2605 I.
1182 2586 1207 2611 p.
1226 2578 1268 2603 67.
1287 2584 1325 2604 nr.
1344 2577 1402 2602 366.
1423 2578 1578 2603 recensetur.
