2299 2921
176 112 240 145 291

222 208 305 237 Iacta
327 217 427 238 curam
450 214 530 237 tuam
550 210 582 237 in
604 209 709 238 Deum.
732 210 769 245 V,
795 212 865 240 719.

222 251 325 289 Imago
348 252 512 287 Ecclesiae,
535 261 622 290 quam
645 253 748 290 pingit.
772 253 826 288 VI,
854 254 922 283 171.

220 293 297 323 Iussi
320 294 470 330 Iacobum,
494 295 543 332 qui
567 295 657 323 docet.
681 294 736 330 HI,
760 295 831 325 521.

220 336 403 375 Lacrymans
426 337 516 374 relegi
538 338 651 365 iterum.
673 337 727 372 IV,
752 337 823 367 921.

220 378 295 418 Legi
319 380 472 417 epistolam
495 380 537 407 tui
560 380 665 407 affinis.
689 379 727 414 V,
750 380 820 410 410.

220 421 295 459 Legi
316 422 450 460 paginas,
475 431 548 459 quas
571 422 684 450 misisti.
708 421 778 455 VII,
804 423 873 453 170.

220 463 294 501 Legi
318 465 465 502 querelam
488 469 577 494 tuam.
598 464 643 492 IV
645 486 653 499 ,
677 465 748 494 569.

219 507 378 535 Meministi
401 507 478 544 apud
502 505 682 535 Ciceronem.
704 506 761 542 III,
785 508 878 538 1242.

218 549 379 577 Meministi
401 549 525 577 Hesiodi
548 550 669 578 dictum.
692 549 745 585 VI,
768 551 840 580 378.

218 591 378 620 Meministi
400 596 530 621 nostram
553 593 736 622 sententiam.
762 591 819 628 HI,
844 593 893 623 81.

217 634 310 662 Miror
332 634 423 663 filium
448 640 476 662 et
498 635 561 663 sine
583 636 665 664 meis.
688 635 741 670 V1,
767 635 838 666 256.

217 677 320 712 Miror,
343 677 408 714 quis
430 678 496 705 istic
516 678 673 714 dissiparit.
696 677 750 713 IV,
776 679 845 709 104.

216 719 298 747 Misit
320 719 377 747 huc
398 720 497 748 literas
519 720 558 748 D.
581 719 717 750 Michael.
741 720 782 756 H,
810 722 882 753 738.

219 762 307 790 Mitto
329 762 413 791 vobis
436 763 542 791 Buceri
563 762 672 791 literas.
696 763 737 798 II,
757 764 828 794 676.

218 804 312 832 Multa
333 804 364 832 in
389 805 445 833 hoc
466 806 579 833 itinere.
604 805 657 841 VI,
681 806 730 835 67.

216 846 286 875 Nisi
308 850 336 875 et
356 856 460 876 causas
483 848 690 876 calamitatum.
714 848 752 884 V,
779 850 850 879 418.

217 888 297 917 Nolo
321 894 350 917 te
374 890 624 928 occupationibus.
647 890 705 925 IH,
731 892 801 921 106.

220 931 292 960 Non
315 941 385 960 casu
407 933 490 961 nasci
511 933 654 962 homiues.
679 934 717 969 V,
742 935 813 964 484.

220 973 291 1002 Non
313 975 423 1011 dubito,
447 976 518 1013 quin
541 985 728 1014 magnopere.
752 976 777 1012 Ι,
804 978 895 1008 1074.

219 1016 291 1045 Non
313 1017 477 1054 formosior,
498 1019 594 1056 inquit
614 1019 673 1048 ille.
696 1019 736 1054 V,
759 1020 830 1050 229.

220 1058 291 1087 Non
314 1060 414 1098 inopia
436 1066 683 1098 argumentorum.
707 1062 760 1097 VI,
787 1063 859 1093 850.

219 1101 356 1131 Nuncius
378 1110 527 1141 properat,
550 1105 600 1141 qui
622 1105 757 1135 reddidit.
782 1105 822 1141 Π,
847 1106 919 1136 493.

221 1143 336 1182 Opinor
358 1155 405 1173 me
427 1146 480 1174 tibi
498 1147 569 1175 viro.
593 1146 630 1182 V,
655 1148 726 1177 785.

221 1186 371 1224 Optimum
395 1189 559 1226 augurium,
581 1190 726 1226 inquiunt.
751 1190 804 1226 IV,
829 1191 899 1220 920.

222 1228 349 1259 Oramus
373 1231 459 1259 deum
478 1237 627 1260 aeternum
646 1249 696 1260 -.
720 1232 808 1261 Dum.
832 1233 886 1269 IV,
910 1233 981 1263 832.

219 1271 326 1301 Pastor
349 1274 490 1303 ecclesiae
511 1274 668 1303 Pricensis.
691 1274 732 1311 Π,
757 1276 828 1306 661.

219 1314 344 1344 Paulum
365 1316 418 1344 tibi
439 1318 621 1352 commendo,
645 1318 706 1346 etsi.
728 1317 769 1354 H,
792 1319 863 1348 574.

219 1356 330 1386 Paulus
352 1359 456 1395 inquit,
479 1369 542 1388 nos.
565 1360 603 1394 V,
627 1360 677 1388 81.

218 1400 285 1428 Pax
308 1402 418 1439 optima
440 1411 545 1430 rerum.
569 1401 626 1437 IH,
649 1402 720 1432 698.

218 1442 292 1472 Post
314 1445 467 1481 proximas
490 1445 595 1473 literas.
619 1444 643 1480 Ι,
670 1445 762 1475 1042.

218 1485 319 1514 Pridie
343 1486 518 1516 Dominicae
538 1488 749 1518 Reminiscere.
774 1489 798 1523 I,
828 1489 918 1520 1038.

217 1527 360 1566 Princeps
383 1530 563 1558 Anhaltinus
583 1529 741 1568 Georgius.
765 1531 822 1567 IH,
846 1532 916 1563 644.

219 1571 348 1609 Purgavi
370 1582 417 1600 me
439 1573 501 1608 tibi,
525 1574 564 1601 mi
587 1573 612 1600 I.
647 1573 672 1609 I,
699 1575 790 1604 1076.

220 1612 304 1649 Quae
329 1615 365 1643 de
388 1616 481 1644 initiis
506 1621 675 1645 conventus.
699 1616 754 1652 IV,
780 1619 850 1647 144.

218 1655 298 1692 Quid
322 1657 443 1686 censes?
477 1658 560 1687 Iacta
583 1664 658 1687 sunt.
682 1658 736 1695 IV,
763 1661 833 1690 133.

218 1698 297 1735 Quid
318 1701 365 1728 hic
385 1706 511 1738 geratur.
534 1701 559 1737 I,
586 1703 676 1731 1041.

218 1740 305 1777 Quod
328 1744 497 1773 aviditatem
519 1749 609 1774 tuam.
634 1745 671 1780 V,
695 1745 766 1774 254.

216 1783 306 1820 Quod
330 1786 365 1814 de
389 1791 439 1814 tua
463 1788 651 1824 profectione.
677 1787 717 1823 ΙΙ,
743 1789 813 1818 958.

217 1827 305 1863 Quod
328 1828 414 1857 faust.
439 1835 466 1857 et
490 1830 510 1858 f.
535 1831 579 1858 sit.
626 1830 764 1858 Redeunt
787 1831 884 1869 legati.
908 1832 962 1868 VI,
988 1833 1056 1862 110.

217 1869 303 1906 Quod
327 1871 412 1901 faust.
435 1872 536 1910 felixq.
561 1874 609 1908 sit,
633 1874 706 1901 redii
729 1874 857 1902 domum.
880 1874 935 1910 IV,
959 1876 1029 1905 638.

216 1912 304 1948 Quod
327 1914 414 1942 faust.
438 1915 537 1951 felixq.
563 1916 610 1950 sit,
635 1917 766 1945 venimus
790 1917 970 1948 Wimariam.
1003 1918 1059 1955 HI,
1083 1919 1154 1949 637.

217 1955 305 1991 Quod
326 1957 399 1984 nihil
422 1957 570 1986 hactenus.
595 1958 620 1993 Ι,
645 1959 716 1988 886.

217 1997 304 2034 Quod
326 2008 386 2027 non
410 2000 504 2028 scribo
527 2001 686 2030 uberiores.
709 2001 766 2037 HJ,
791 2004 839 2033 94.

219 2039 308 2076 Quod
329 2042 420 2070 ternis
443 2043 502 2071 iam
521 2043 622 2071 literis.
646 2043 688 2079 H,
709 2046 779 2075 777.

219 2083 343 2119 Quoties
366 2085 402 2113 de
426 2086 596 2114 Academia.
621 2086 691 2122 VII,
717 2088 788 2118 316.

219 2124 288 2155 Scio
313 2131 341 2155 te
363 2137 420 2155 non
445 2129 586 2157 dubitare.
610 2128 665 2164 VI,
691 2131 761 2159 738.

218 2167 321 2197 Scribo
346 2171 511 2208 simpliciss.
532 2172 640 2201 animo.
664 2172 702 2207 V,
727 2174 798 2203 354.

219 2210 342 2249 Semper
364 2213 420 2241 hoc
439 2214 603 2242 Ecclesiam
623 2216 759 2244 servavit.
784 2217 852 2253 VH,
877 2218 947 2248 927.

220 2253 313 2283 Sensu
337 2255 402 2292 ipso
422 2257 558 2293 comperi.
580 2256 649 2292 VH,
677 2259 745 2287 137.

220 2295 254 2325 Si
278 2306 326 2325 eas
350 2298 490 2335 pagellas,
513 2309 593 2336 quas.
618 2299 671 2334 VI,
697 2300 766 2330 208.

220 2337 314 2377 Spero
340 2340 422 2369 vobis
441 2342 585 2379 voluptati
607 2342 705 2371 fuisse.
730 2343 771 2379 II,
796 2345 867 2374 953.

220 2380 324 2410 Statim
347 2388 501 2421 postquam
524 2385 702 2414 advenimus.
724 2386 783 2422 ΙΙΙ,
804 2388 874 2417 296.

221 2422 324 2453 Subito
343 2426 397 2454 fuit
418 2428 651 2464 respondendum
675 2428 888 2467 Christophori.
912 2430 969 2467 III,
993 2432 1042 2462 85.

221 2465 359 2504 Synodus
377 2469 550 2497 Tridentina
572 2470 669 2499 telam.
692 2471 745 2507 VI,
770 2474 841 2504 459.

221 2507 264 2537 Ut
288 2511 407 2546 iussisti,
429 2512 519 2540 filium
543 2514 650 2543 audivi.
675 2514 728 2549 IV,
755 2517 825 2546 795.

221 2550 266 2580 Ut
287 2554 422 2591 naufragi
445 2555 475 2582 in
498 2556 610 2584 mediis.
634 2556 687 2591 IV,
714 2559 804 2588 1037.

828 113 1016 148 PH1L1PP1
1037 115 1355 149 MELANTHONIS
1376 116 1534 151 OPERA.

2122 121 2187 153 292

1256 211 1298 241 Ut
1320 213 1369 250 qui
1392 214 1539 251 navigant.
1562 214 1616 249 VI,
1642 215 1710 244 146.

1254 254 1375 284 Utinam
1398 257 1538 285 adventus
1561 261 1627 286 tuus
1649 258 1786 286 attulerit.
1810 257 1866 292 ΙΠ,
1890 259 1961 289 308.

1254 297 1348 326 Valde
1371 299 1500 327 delector
1521 300 1618 329 officio
1640 306 1700 330 tuo.
1721 300 1745 335 I⁷
1768 302 1839 330 914.

1254 340 1347 369 Vetus
1370 346 1413 369 est
1434 351 1534 370 versus
1552 343 1588 371 de
1606 344 1677 373 iure.
1700 343 1754 378 VI,
1778 344 1849 374 447.

1181 350 1188 427 1
1253 383 1325 411 Vult
1346 383 1430 412 Deus
1452 384 1614 414 Ecclesiam
1637 387 1893 416 commonefacere.
1917 387 1970 424 VI,
1994 389 2064 420 432.

1254 425 1441 464 Witebergae
1463 427 1635 457 fasciculum
1658 429 1817 459 literarum.
1840 429 1880 465 H,
1905 431 1977 461 903.

1209 467 1339 504 Ionae,
1363 469 1484 504 Iusto,
1508 471 1608 499 filio:

1251 510 1317 540 Etsi
1339 511 1404 540 leve
1427 517 1471 540 est
1493 513 1629 542 officium.
1654 514 1709 549 ΙΙΙ,
1734 514 1804 544 528.

1252 553 1326 582 Heri
1348 554 1426 583 filius
1446 553 1544 593 Crispi
1564 556 1724 585 Hallensis.
1748 557 1786 592 V,
1809 558 1880 588 917.

1251 596 1406 625 Praeclare
1428 597 1517 626 illud:
1539 599 1634 628 omnis
1656 600 1695 628 in.
1720 600 1758 635 V,
1782 601 1852 630 379.

1252 638 1368 668 Recens
1391 640 1478 668 editio
1501 639 1654 680 βλάκικου.
1678 642 1734 677 ΙΧ,
1759 643 1829 672 425.

1252 681 1345 710 Recte
1363 682 1415 711 abs
1436 687 1465 711 te
1487 683 1603 713 factum.
1626 685 1664 718 V,
1689 685 1760 715 860.

1210 724 1393 762 Iosepho,
1415 724 1663 755 Patriarchae
1685 725 2134 768 Constantinopolitano:

1253 765 1375 804 Semper
1397 768 1513 805 quidem
1535 769 1676 798 Ecclesia.
1700 769 1757 805 IX,
1781 771 1852 801 921.

1209 810 1379 845 Irenaeo,
1402 810 1603 840 Matthaeo:

1254 851 1373 881 Gratias
1391 862 1447 890 ago
1469 852 1535 882 Deo
1560 858 1679 883 aeterno
1701 871 1752 884 —.
1776 855 1873 886 Nunc.
1896 857 1953 893 ΙΠ,
1978 859 2070 890 1092.

1179 913 1187 1351 Ι
1253 894 1347 932 Saepe
1370 905 1485 924 versum
1509 906 1526 923 a
1549 901 1578 924 te
1600 902 1752 926 mutatum.
1775 898 1827 934 VI,
1852 900 1922 930 594.

1210 937 1421 973 Isemanno,
1442 939 1595 967 Ioanni:

1253 980 1427 1018 Quanquam
1450 981 1531 1009 nulla
1553 983 1624 1010 mihi
1647 987 1750 1011 tecum.
1771 983 1811 1019 II,
1836 985 1907 1015 384.

1209 1022 1399 1058 Isindero,
1423 1024 1637 1053 Melchiori:

1253 1064 1386 1094 Sciebam
1405 1071 1433 1094 te
1457 1071 1485 1094 et
1508 1076 1605 1095 amare
1628 1068 1777 1097 iustitiam.
1801 1069 1871 1105 VH,
1894 1072 1966 1101 411.

1210 1107 1357 1145 Ittigio,
1379 1108 1597 1138 Francisco:

1259 1150 1400 1179 Gratulor
1421 1151 1474 1179 tibi
1497 1156 1525 1179 et
1549 1153 1754 1181 conditionem.
1778 1153 1819 1189 H,
1842 1156 1912 1185 556.

1210 1193 1547 1222 Iuterboccnsibus
1578 1195 1820 1225 Pastoribus:

1253 1235 1364 1264 Nescio
1387 1236 1456 1272 quid
1477 1237 1668 1273 responderit.
1693 1238 1746 1274 VI,
1771 1240 1841 1268 331.

1211 1278 1332 1313 Iunio,
1356 1279 1543 1306 Andreae:

1255 1320 1320 1350 Seis
1342 1331 1388 1349 me
1409 1330 1496 1358 saepe
1518 1321 1649 1350 recitare.
1672 1322 1728 1358 IX,
1753 1323 1824 1353 487.

1211 1364 1335 1398 Iunio,
1357 1363 1577 1392 Melchiori:

1253 1404 1328 1434 Cum
1352 1407 1436 1435 video
1459 1407 1606 1436 idoneum.
1631 1407 1716 1443 VIII,
1742 1409 1814 1438 851.

1252 1448 1318 1478 Scis
1339 1450 1479 1487 scriptum
1502 1459 1575 1485 esse,
1597 1450 1824 1481 fundamentum.
1847 1451 1933 1488 VIII,
1959 1454 2028 1484 177.

1251 1490 1316 1521 Scis
1339 1497 1493 1530 utrumque
1516 1502 1587 1521 voce
1610 1494 1717 1523 divina.
1743 1493 1827 1529 VIH,
1848 1496 1897 1525 77.

1208 1619 1424 1648 Kaestnero
1448 1628 1470 1649 s.
1495 1618 1703 1658 Kestnero,
1726 1620 1872 1650 Ioanni:

1251 1663 1342 1691 Miror
1364 1661 1480 1699 Stigelii
1503 1662 1659 1692 silentium.
1682 1663 1734 1700 VI,
1758 1664 1829 1694 420.

1251 1706 1323 1734 Viro
1347 1705 1514 1734 doctissimo
1537 1710 1565 1733 et
1586 1707 1688 1736 amico.
1713 1706 1766 1741 VI,
1789 1707 1859 1737 355.

1252 1748 1319 1778 {Bon
1339 1750 1395 1778 bem
1421 1748 1620 1786 &btmfitbigen
1638 1749 1737 1782 berra.
1762 1749 1816 1785 VI,
1840 1750 1910 1779 356.

1208 1790 1404 1819 Kaeufflin
1427 1800 1450 1820 s.
1474 1790 1665 1826 Kaufflin,
1689 1792 1913 1821 Balthasaro

1251 1835 1342 1863 Vides
1366 1834 1434 1863 clar.
1459 1833 1498 1861 D.
1521 1833 1559 1861 D.
1583 1834 1614 1861 in
1636 1839 1726 1864 tanta.
1751 1834 1789 1870 V,
1814 1836 1863 1864 33.

1208 1877 1364 1914 Kargio,
1386 1875 1554 1912 Georgio
1574 1875 1750 1913 (Cargio):

1251 1920 1322 1947 Non
1344 1919 1433 1955 longo
1454 1919 1617 1947 intervallo.
1641 1919 1698 1954 IX,
1723 1920 1793 1949 593.

1252 1961 1324 1997 Oro,
1345 1966 1377 1990 ut
1400 1971 1464 1989 cras
1486 1962 1517 1988 in
1543 1962 1659 1999 templo.
1684 1961 1740 1997 IX,
1764 1963 1834 1992 355.

1252 2003 1344 2042 Spero
1368 2003 1529 2041 Georgium
1553 2002 1736 2034 Cracovium.
1760 2005 1817 2041 IX,
1833 2006 1911 2042 545.

1209 2047 1382 2084 Kegelio,
1405 2047 1589 2075 Andreae:

1253 2091 1327 2119 Tres
1350 2090 1533 2126 quaestiones
1556 2091 1595 2119 in.
1620 2090 1657 2126 V,
1682 2091 1751 2120 752.

1252 2133 1347 2161 Valde
1370 2133 1527 2161 dileximus
1550 2133 1653 2161 virum.
1674 2133 1744 2167 VII,
1771 2134 1840 2163 318.

1209 2175 1415 2213 Kemptano
1437 2174 1604 2203 Senatui:

1253 2218 1392 2256 Qiemnbi
1410 2218 1499 2255 biefier
1518 2218 1633 2255 tbbtigte
1651 2219 1745 2256 Sttieg.
1769 2219 1823 2253 VI,
1846 2219 1916 2248 307.

1210 2261 1435 2290 Kielonensi
1458 2260 1627 2290 Senatui:

1255 2306 1313 2334 OEm.
1333 2303 1469 2341 Qeissbeit
1488 2305 1587 2341 missen.
1611 2305 1662 2341 bnfi
1681 2305 1764 2341 biefee
1783 2304 1939 2341 menfdylicty.
1969 2303 2022 2340 VI,
2048 2305 2118 2345 101⁷.

1210 2346 1433 2382 Kilmanno,
1457 2347 1689 2375 Wenceslao:

1253 2390 1329 2418 Heri
1347 2396 1396 2418 tuo
1417 2390 1525 2418 nuncio
1547 2390 1647 2418 literas
1669 2390 1744 2419 dedi.
1767 2389 1824 2426 IX,
1848 2390 1920 2419 660.

1210 2433 1310 2461 Kind
1334 2433 1493 2470 (Kindt),
1515 2432 1691 2460 Nicolao:

1255 2475 1435 2504 Commendo
1459 2475 1542 2504 vobis
1562 2476 1646 2503 hunc.
1670 2474 1695 2510 I,
1722 2475 1813 2505 1014.

1255 2518 1400 2556 Exposuit
1421 2518 1492 2547 mihi
1509 2518 1658 2547 Arsacius.
1682 2517 1707 2553 Ι,
1733 2519 1823 2547 1015.

1255 2560 1373 2592 Literae
1396 2567 1461 2589 tuae
1483 2561 1673 2599 perspicuam.
1697 2560 1722 2596 I,
1746 2562 1817 2590 941.
