2299 2921
178 108 223 141 29
957 109 982 142 1.
1027 108 1236 142 ANNALES
1258 108 1403 141 vlTAE.
2136 116 2179 147 30

179 203 244 233 Iun.
292 204 340 234 22.
364 203 524 233 Dissuadet
544 204 601 232 hoc
623 204 810 240 colloquium.

178 246 236 276 Iul.
317 250 344 277 1.
367 246 607 275 Dialecticen
630 255 711 274 suam
735 247 813 274 dicat
834 246 924 275 Wilh.
945 247 1176 277 Reiffensteinio.
1201 246 1259 282 (cf.
1283 249 1370 276 etiam
1389 258 1434 286 ep.
1459 249 1497 277 ad
1520 248 1595 278 Eob.
1617 247 1744 277 Hessum
1767 249 1794 278 d.
1818 249 1867 278 24.
1891 249 1945 278 Iul.
1970 250 1997 279 h.
2020 253 2061 288 a.)

318 291 345 319 8.
363 290 521 324 Promittit‚
542 298 574 317 se
591 293 744 317 venturum
768 298 832 318 esse
853 290 1042 328 Marburgum
1065 291 1102 319 ad
1124 291 1308 328 colloquium.

298 334 344 362 15.
367 332 476 370 Incipit
499 341 633 360 enarrare
655 332 834 360 dialecticen.

294 376 343 405 26.
366 375 515 404 Nuncium
540 374 575 402 de
598 379 691 403 morte
711 375 813 403 matris
835 376 956 413 accepit.
982 393 1019 397 —
1044 375 1161 404 Institui
1186 376 1300 406 (scribit
1325 375 1507 413 camerario)
1532 376 1725 406 Enchiridion
1747 378 1916 415 dogmatum
1946 379 2181 416 christianorum,

403 422 435 446 ut
456 418 524 454 quid
548 417 584 445 de
606 418 741 446 omnibus
764 418 832 445 fidei
857 419 989 446 articulis
1017 420 1193 447 senserimus
1222 420 1377 456 posteritas
1408 420 1536 448 iudicare
1566 421 1692 458 possit.“
1746 420 1813 450 Hoc
1842 422 1966 460 scripto,
2000 431 2059 450 non
2094 423 2180 458 edito,

403 464 507 496 postea
525 460 648 488 fortasse
671 469 740 488 usus
762 465 805 488 est
827 461 857 488 in
880 461 1090 489 conscribenda
1112 463 1286 499 Augustana
1308 460 1506 490 Confessione.

370 501 438 530 Hoc
461 510 560 529 mense
581 503 668 529 mittit
689 504 788 531 amicis
810 503 1034 540 dispositionem
1057 505 1197 533 orationis
1220 505 1250 532 in
1274 505 1358 542 epist.
1381 504 1467 533 Pauli
1489 506 1525 533 ad
1548 505 1709 534 Romanos.

178 546 258 583 Aug.
297 545 343 573 15.
365 545 488 572 Moritur
511 543 667 580 Georgius,
691 545 889 573 Melanthonis
907 547 994 581 filius,
1018 546 1107 575 Ienae
1130 552 1222 575 natus.

296 587 344 616 23.
369 587 493 624 Propter
515 587 658 624 anglicam
678 592 788 624 pestem
808 588 955 624 (sudorem
979 589 1100 626 anglic.)
1120 589 1237 617 dimittit
1251 590 1422 627 discipulos,
1446 599 1518 628 quos
1531 599 1628 619 secum
1641 591 1774 620 habebat.
1790 608 1832 613 ——
1849 591 1956 621 Nova
1977 593 2124 622 scholia
2143 593 2180 621 in

401 629 614 658 Proverbia
636 627 851 658 Salomonis
872 631 949 658 dicat
968 632 1086 668 Magno,
1111 632 1186 660 Duci
1210 633 1437 669 Megapolitano.

293 673 341 702 28.
362 673 451 701 Mittit
474 671 642 700 Camerario
662 674 977 701 commentarium
998 675 1033 702 in
1057 675 1153 703 duos
1175 675 1299 703 libros
1322 676 1489 704 Ethicor.
1517 677 1749 707 Aristotelis.

180 715 260 754 Sept.
312 715 338 744 2.
363 716 499 752 Myconio
523 715 611 743 mittit
633 716 871 744 commentarium
894 717 924 745 in
947 717 1053 745 Ethica
1075 718 1196 745 Aristot.

294 758 344 786 20.
367 757 443 785 Fere
465 758 492 786 d.
514 757 562 787 20.
584 756 665 795 Sept.
691 764 718 786 et
740 767 782 796 sq.
807 768 872 787 cum
895 759 1024 788 Luthero
1047 761 1240 797 proficiscitur
1263 761 1460 797 Marburgum.

293 801 341 830 30.
367 800 555 838 Marburgum
579 801 704 829 advenit.

178 841 355 871 Oct.1-—3.
369 842 555 880 Colloquium
576 844 723 881 Marburgi
746 843 868 872 Lutheri
887 850 915 872 et
938 845 1135 873 Melanthonis
1158 854 1222 872 cum
1246 845 1392 882 Zwinglio
1415 850 1443 873 et
1467 845 1704 885 Oecolampadio.

313 887 340 914 5.
363 886 533 913 Melanthon
556 886 782 923 Reutlingenses
803 892 910 922 monet,
934 897 970 915 ne
992 887 1127 924 Zwinglii
1151 888 1321 915 sententiam
1346 889 1381 915 de
1405 898 1488 917 sacra
1507 899 1599 918 coena
1621 891 1782 920 admittant.

263 929 345 965 (10.)
366 928 401 956 In
424 929 519 956 reditu
542 929 693 957 Erfordiae
716 929 858 967 aLangio
881 931 986 968 accipit
999 930 1157 968 Epiphanii
1175 930 1265 958 libros
1286 932 1355 970 περὶ
1377 933 1529 970 αἱρέσεων,
1554 942 1589 960 ex
1603 933 1709 970 quibus
1722 934 1837 962 volebat
1856 945 2010 973 excerpere
2023 937 2178 974 epitomen.

296 971 344 1000 12.
368 971 457 999 Ienae
478 977 521 999 est
539 981 602 1000 cum
625 972 754 1000 Luthero
776 973 806 1000 in
829 973 930 1001 reditu.

297 1014 344 1042 19.
368 1014 486 1051 Torgae
509 1020 551 1042 est
573 1024 638 1042 cum
658 1015 789 1043 Luthero
812 1016 888 1052 apud
911 1015 1077 1052 Principem
1100 1014 1274 1043 Electorem.

292 1056 342 1087 26.
364 1056 509 1085 Lutherus
537 1057 573 1085 ad
601 1057 844 1086 Hausmannum:
874 1058 933 1094 „M.
961 1057 1118 1095 Philippus
1142 1061 1170 1085 et
1198 1057 1287 1086 Ionas
1313 1058 1401 1086 edunt
1424 1059 1553 1088 libellum
1574 1061 1604 1088 in
1626 1062 1747 1090 eandem
1772 1065 1907 1090 causam“
1933 1064 1965 1100 (i.
1989 1073 2015 1094 e.
2038 1065 2179 1094 adversus

399 1100 535 1135 Turcas).

175 1139 253 1168 Nov.
317 1142 343 1169 7.
366 1140 512 1169 Lutherus
535 1142 571 1169 ad
593 1142 776 1180 Myconium:
801 1142 976 1180 „Philippus
1006 1142 1104 1177 abest;
1133 1144 1251 1180 nuptias
1270 1143 1394 1172 honorat
1423 1144 1481 1173 Dn.
1506 1145 1661 1174 Dudleben
1684 1148 1713 1174 in
1735 1146 1902 1185 Freyberga
1925 1159 1984 1177 una
2006 1159 2069 1178 cum
2093 1154 2181 1180 Ams-

398 1185 519 1212 dorfi0.“

300 1228 347 1256 14.
368 1226 536 1256 Camerario
555 1227 664 1261 scribit,
687 1236 719 1255 se
742 1228 913 1264 gravissime
934 1228 1033 1255 animo
1056 1229 1232 1256 commoveri
1256 1233 1375 1267 propter
1396 1240 1443 1257 res
1459 1231 1681 1265 ecclesiasticas,
1705 1242 1799 1269 neque
1818 1233 1907 1262 ullum
1920 1234 1999 1263 abire
2020 1236 2106 1271 diem,
2119 1246 2179 1274 quo

398 1279 457 1298 non
481 1274 562 1307 optet
584 1280 619 1297 ex
643 1270 698 1298 hac
721 1271 781 1298 vita
809 1271 966 1298 discedere.
1015 1271 1125 1306 Porro⁷
1148 1271 1251 1299 Ionam
1275 1281 1450 1310 componere
1475 1274 1646 1302 libellum
1670 1275 1712 1302 de
1735 1276 1888 1311 Turcis‚
1911 1278 1992 1305 cuius
2014 1279 2110 1316 operis
2131 1280 2178 1307 sil-

397 1312 493 1340 vulam
517 1313 582 1350 ipse
605 1312 776 1341 Melanthon
799 1314 986 1350 congesserit.
1042 1312 1135 1342 Simul
1165 1315 1237 1351 petit
1260 1324 1278 1342 a
1301 1314 1469 1345 Camerario
1494 1317 1719 1354 explicationem
1744 1320 1924 1356 quarundam
1947 1330 2051 1349 vocum
2075 1322 2179 1351 obscu-

398 1364 495 1382 rarum
517 1355 546 1382 in
566 1354 605 1383 N.
630 1355 710 1384 Test.

173 1395 248 1426 Dec.
320 1398 346 1426 1.
369 1395 538 1425 camerario
563 1407 644 1425 Suam
666 1398 766 1426 scribit
787 1399 959 1426 sententiam
983 1399 1018 1426 de
1039 1399 1198 1436 Epiphanii
1219 1399 1309 1428 libris.

366 1438 533 1468 Secundum
552 1439 692 1477 Stephani
716 1441 844 1469 Riccii
866 1441 1053 1470 Miscellanea
1075 1443 1124 1479 (de
1144 1442 1248 1478 quibus
1270 1443 1326 1470 vid.
1345 1445 1560 1480 praemonenda
1582 1455 1610 1482 p.
1622 1445 1787 1474 LXXVIII
1810 1450 1868 1485 sq.)
1892 1448 1928 1476 T.
1953 1448 1975 1477 I.
2000 1459 2028 1487 p.
2054 1449 2102 1478 32.
2129 1450 2178 1480 72.

397 1488 426 1510 et
452 1484 520 1511 150.
557 1483 727 1512 Melanthon
752 1484 807 1512 hoc
830 1493 906 1512 anno
929 1485 958 1512 in
982 1485 1089 1513 scholis
1111 1485 1316 1522 interpretatus
1344 1491 1386 1514 est
1418 1486 1567 1516 Ciceronis
1596 1490 1742 1518 orationes
1762 1500 1817 1528 pro
1841 1491 1990 1527 Marcello⁷
2018 1492 2128 1521 Archia
2149 1498 2178 1522 et

398 1526 527 1553 Murena.
573 1525 607 1553 In
631 1526 760 1563 epistolis
778 1527 974 1555 Melanthonis
996 1528 1068 1555 nihil
1092 1537 1127 1555 ea
1149 1529 1184 1555 de
1206 1538 1237 1555 re
1259 1528 1373 1566 legitur.

363 1568 498 1605 Mylius
523 1569 553 1596 in
577 1569 767 1606 chronologia
795 1570 934 1598 librorum
962 1571 1102 1598 Melanth.
1126 1571 1212 1598 habet
1235 1572 1349 1608 quidem
1374 1572 1460 1601 haec:
1488 1573 1592 1609 „Duae
1622 1575 1815 1611 praefationes
1837 1577 1867 1604 in
1890 1577 1982 1606 Vetus
2004 1578 2175 1607 Testamen-

398 1615 458 1638 tum
481 1620 499 1638 a
519 1611 656 1648 Philippo
679 1612 813 1649 scriptae,
838 1618 867 1640 et
889 1614 1006 1641 nomine
1033 1613 1155 1642 Lutheri
1184 1614 1287 1641 editae.
1324 1615 1408 1643 Prior
1426 1617 1545 1653 incipit:
1568 1616 1653 1645 Cuni
1677 1623 1761 1646 ante
1784 1621 2011 1649 sexennium.
2058 1621 2176 1651 Altera:

398 1652 616 1691 Quanquam
645 1655 893 1684 conveniebat
921 1657 1011 1684 hunc
1042 1657 1179 1684 librum
1209 1660 1283 1685 etc-‘⁶
1322 1676 1361 1678 —
1396 1658 1453 1686 Sed
1480 1659 1551 1687 haec
1577 1660 1660 1697 Mylii
1683 1663 1851 1690 coniectura
1874 1663 1909 1690 de
1932 1668 2050 1691 auctore
2073 1664 2176 1694 harum

396 1696 620 1734 praefationum,
644 1698 868 1734 praemissarum
892 1699 1016 1727 versioni
1040 1699 1146 1727 latinae
1169 1701 1351 1736 quorundam
1375 1701 1511 1729 librorum
1535 1703 1569 1730 V.
1592 1704 1638 1738 T..
1658 1713 1731 1740 quae
1750 1714 1774 1732 a.
1802 1705 1891 1733 1529.
1916 1706 2091 1744 Vitebergae
2110 1717 2175 1744 pro-

401 1740 464 1774 diit,
487 1740 570 1768 iustis
593 1740 758 1768 destituitur
780 1743 968 1779 argumentis,
992 1746 1023 1770 ut
1047 1743 1163 1779 copiose
1187 1748 1215 1770 et
1237 1744 1321 1770 docte
1339 1744 1436 1771 docuit
1449 1744 1600 1774 Walchius
1623 1747 1651 1773 in
1675 1757 1740 1783 opp.
1762 1747 1882 1776 Lutheri
1904 1748 2025 1778 Halens.
2039 1750 2074 1778 T.
2092 1750 2175 1779 XIV.

401 1792 429 1820 p.
455 1783 490 1810 51
513 1791 585 1819 sqq.‚
608 1783 656 1811 ubi
680 1784 765 1811 etiam
789 1784 853 1821 ipsa
870 1784 920 1812 illa
935 1785 1029 1813 versio
1051 1785 1141 1812 latina
1163 1786 1258 1814 denuo
1272 1795 1380 1814 excusa
1404 1793 1455 1815 est.
1490 1788 1550 1816 Suo
1570 1789 1655 1816 etiam
1668 1790 1729 1817 iure
1740 1790 1870 1818 homines
1893 1791 1971 1820 docti
1993 1798 2174 1829 monuerunt,

401 1824 485 1861 Mylii
508 1825 611 1853 librum
632 1827 777 1854 erroribus
799 1828 935 1855 refertum
960 1837 1030 1856 esse.
1072 1828 1139 1865 Ipse
1160 1829 1235 1856 euim
1260 1831 1393 1865 cognovi,
1419 1830 1498 1858 illum
1522 1832 1552 1858 in
1576 1832 1726 1869 permultis
1750 1842 1870 1868 errasse⁷
1892 1844 1985 1872 neque
2009 1836 2034 1863 ei
2057 1837 2175 1865 omnino

401 1868 486 1895 fidem
506 1876 570 1896 esse
593 1868 762 1896 habendam.
804 1869 901 1905 Quare
925 1880 979 1898 nec
1002 1871 1049 1898 hic
1071 1872 1100 1898 in
1124 1872 1276 1900 annalibus
1304 1873 1379 1899 vitae
1403 1873 1599 1902 Melanthonis
1627 1875 1748 1912 Mylium
1777 1885 1831 1904 nos
1853 1879 1968 1915 sequuti
1989 1887 2102 1913 sumus,
2125 1879 2175 1908 sed

402 1920 437 1938 ea
458 1909 494 1937 ad
517 1919 661 1948 quemque
684 1921 792 1940 annum
813 1913 922 1950 scripta
945 1913 1010 1941 Mel.
1036 1919 1147 1942 tantum
1172 1916 1345 1950 notavimus,
1369 1916 1403 1943 de
1427 1916 1531 1953 quibus
1556 1918 1673 1946 aliunde
1688 1924 1810 1954 constat,
1835 1929 1891 1956 quo
1914 1930 1992 1949 anno
2003 1922 2173 1958 prodierint.

1030 2039 1309 2072 ANN01530.

172 2120 235 2150 Ian.
323 2121 352 2151 6.
377 2120 546 2150 Conventus
565 2122 794 2151 Protestantium
818 2122 1030 2163 Norinbergae.

303 2164 351 2193 12.
373 2164 569 2192 Melanthonis
600 2165 722 2202 epistola
748 2167 785 2194 ad
819 2165 1075 2205 Oecolampadium
1099 2169 1135 2197 de
1165 2179 1250 2198 sacra
1275 2180 1376 2199 coena.
1400 2188 1440 2192 -—-
1464 2170 1678 2210 Campanus
1699 2174 1789 2211 impia
1812 2175 1950 2212 dogmata
1968 2177 2004 2204 de
2027 2177 2171 2207 Trinitate

395 2208 507 2244 spargit
531 2208 712 2245 Vitebergae.

304 2249 354 2278 21.
377 2247 511 2278 Caesaris
532 2251 646 2278 litterae
668 2252 704 2279 ad
728 2250 853 2280 Ordines
872 2251 1058 2288 Germaniae,
1082 2255 1186 2290 quibus
1207 2255 1309 2283 indicit
1333 2258 1450 2285 comitia
1468 2258 1586 2295 Imperii
1611 2259 1647 2286 ad
1666 2259 1692 2286 d.
1718 2260 1745 2287 8.
1769 2260 1864 2297 April.
1888 2261 2028 2291 habenda.

172 2290 259 2320 Febr.
382 2293 553 2321 Melanthon
577 2294 665 2321 mittit
688 2303 784 2328 „nova
802 2295 913 2322 scholia
931 2296 960 2323 in
982 2296 1067 2324 Prov.
1091 2295 1275 2326 Salomonis‘⁴
1300 2299 1416 2336 Magno⁷
1442 2300 1516 2328 Duci
1539 2302 1803 2339 Megaloburgensi.

303 2333 353 2363 24.
376 2334 527 2363 Bononiae
549 2336 682 2364 sollemni
703 2337 759 2364 ritu
780 2336 903 2366 Carolus
926 2337 1088 2375 Imperator
1109 2340 1299 2377 inauguratur
1318 2352 1335 2369 a
1358 2342 1500 2371 Pontifice
1520 2343 1662 2372 Romano.

376 2378 568 2406 Excuduntur
590 2379 786 2408 Melanthonis
810 2381 995 2416 „testimonia
1016 2386 1142 2410 veterum
1166 2384 1339 2421 scriptorum
1363 2386 1398 2413 de
1422 2395 1445 2413 s.
1470 2389 1590 2416 eoena“.

375 2420 480 2457 Myco
492 2421 551 2449 nio
575 2422 743 2450 Melanthon
764 2423 864 2450 scribit
887 2423 922 2451 de
942 2424 1095 2460 puniendis
1118 2426 1327 2463 Anabaptistis.

379 2461 561 2500 „Dispositio
584 2466 723 2493 orationis
744 2466 773 2492 in
795 2465 848 2502 Ep.
873 2466 957 2494 Pauli
980 2467 1016 2494 ad
1035 2467 1202 2496 Romanos“
1227 2469 1323 2497 denuo
1347 2471 1423 2498 edita
1446 2477 1497 2500 est.

171 2504 256 2533 Mart.
324 2505 351 2534 6.
372 2504 419 2533 De
441 2506 625 2542 quaestione:
659 2516 695 2535 an
726 2509 814 2536 armis
837 2509 971 2537 resistere
1001 2509 1087 2538 liceat
1108 2509 1289 2548 Imperatori,
1314 2513 1369 2540 vim
1394 2513 1509 2542 illaturo
1532 2514 1561 2542 in
1586 2523 1674 2542 causa
1695 2515 1864 2552 religionis?
1894 2525 1974 2546 suam
1995 2518 2166 2547 Melanthon

394 2549 565 2576 sententiam
587 2549 694 2578 scribit.
