<?xml version="1.0" encoding="UTF-8"?>
<!DOCTYPE html PUBLIC "-//W3C//DTD XHTML 1.0 Transitional//EN"
    "http://www.w3.org/TR/xhtml1/DTD/xhtml1-transitional.dtd">
<html xmlns="http://www.w3.org/1999/xhtml" xml:lang="en" lang="en">
 <head>
  <title>
</title>
<meta http-equiv="Content-Type" content="text/html;charset=utf-8" />
  <meta name='ocr-system' content='tesseract 3.04.00' />
  <meta name='ocr-capabilities' content='ocr_page ocr_carea ocr_par ocr_line ocrx_word'/>
</head>
<body>
  <div class='ocr_page' id='page_1' title='image "./operaquaesupersu28melauoft/operaquaesupersu28melauoft_0208.png"; bbox 0 0 2299 2921; ppageno 0'>
   <div class='ocr_carea' id='block_1_1' title="bbox 166 109 231 142">
    <p class='ocr_par' dir='ltr' id='par_1_1' title="bbox 166 109 231 142">
     <span class='ocr_line' id='line_1_1' title="bbox 166 109 231 142; baseline -0.031 0"><span class='ocrx_word' id='word_1_1' title='bbox 166 109 231 142; x_wconf 83' lang='lat'>387</span> 
     </span>
    </p>
   </div>
   <div class='ocr_carea' id='block_1_2' title="bbox 165 204 1143 331">
    <p class='ocr_par' dir='ltr' id='par_1_2' title="bbox 165 204 1143 331">
     <span class='ocr_line' id='line_1_2' title="bbox 165 204 1143 246; baseline 0.001 -12"><span class='ocrx_word' id='word_1_2' title='bbox 165 209 239 244; x_wconf 87' lang='lat' dir='ltr'>pter</span> <span class='ocrx_word' id='word_1_3' title='bbox 263 204 369 244; x_wconf 85' lang='lat' dir='ltr'>ipsum</span> <span class='ocrx_word' id='word_1_4' title='bbox 393 205 604 236; x_wconf 86' lang='lat' dir='ltr'><strong>mediatorem</strong></span> <span class='ocrx_word' id='word_1_5' title='bbox 626 216 779 246; x_wconf 70' lang='lat' dir='ltr'>passum,</span> <span class='ocrx_word' id='word_1_6' title='bbox 815 206 1066 243; x_wconf 83' lang='lat' dir='ltr'>resuscitatum,</span> <span class='ocrx_word' id='word_1_7' title='bbox 1094 215 1143 236; x_wconf 86' lang='lat' dir='ltr'>re-</span> 
     </span>
     <span class='ocr_line' id='line_1_3' title="bbox 166 247 1142 289; baseline 0.001 -12"><span class='ocrx_word' id='word_1_8' title='bbox 166 253 334 288; x_wconf 82' lang='lat' dir='ltr'>gnantem,</span> <span class='ocrx_word' id='word_1_9' title='bbox 359 247 591 288; x_wconf 80' lang='lat' dir='ltr'><strong>deprecantem</strong></span> <span class='ocrx_word' id='word_1_10' title='bbox 603 259 663 289; x_wconf 88' lang='lat' dir='ltr'>pro</span> <span class='ocrx_word' id='word_1_11' title='bbox 676 249 783 285; x_wconf 85' lang='lat' dir='ltr'>nobis,</span> <span class='ocrx_word' id='word_1_12' title='bbox 806 257 868 278; x_wconf 92' lang='lat' dir='ltr'>nos</span> <span class='ocrx_word' id='word_1_13' title='bbox 880 249 931 284; x_wconf 71' lang='lat'>2⁴)</span> <span class='ocrx_word' id='word_1_14' title='bbox 948 248 1142 278; x_wconf 89' lang='lat' dir='ltr'>obumbran-</span> 
     </span>
     <span class='ocr_line' id='line_1_4' title="bbox 166 289 1143 331; baseline 0 -11"><span class='ocrx_word' id='word_1_15' title='bbox 166 295 230 320; x_wconf 89' lang='lat' dir='ltr'>tem</span> <span class='ocrx_word' id='word_1_16' title='bbox 255 295 287 320; x_wconf 89' lang='lat' dir='ltr'>et</span> <span class='ocrx_word' id='word_1_17' title='bbox 312 289 608 328; x_wconf 66' lang='lat' dir='ltr'>viuifieaiiten1.2⁵)</span> <span class='ocrx_word' id='word_1_18' title='bbox 659 290 855 331; x_wconf 84' lang='lat' dir='ltr'><strong>Quanquam</strong></span> <span class='ocrx_word' id='word_1_19' title='bbox 885 290 1034 327; x_wconf 59' lang='lat' dir='ltr'>enimssss)</span> <span class='ocrx_word' id='word_1_20' title='bbox 1066 295 1143 321; x_wconf 88' lang='lat' dir='ltr'>sunt</span> 
     </span>
    </p>
   </div>
   <div class='ocr_carea' id='block_1_3' title="bbox 164 332 1169 380">
    <p class='ocr_par' dir='ltr' id='par_1_3' title="bbox 164 332 1169 380">
     <span class='ocr_line' id='line_1_5' title="bbox 164 332 1169 380; baseline 0.002 -18"><span class='ocrx_word' id='word_1_21' title='bbox 164 332 343 363; x_wconf 85' lang='lat' dir='ltr'>inchoatae</span> <span class='ocrx_word' id='word_1_22' title='bbox 366 333 520 370; x_wconf 79' lang='lat' dir='ltr'>virtutes,</span> <span class='ocrx_word' id='word_1_23' title='bbox 555 339 664 364; x_wconf 79' lang='lat' dir='ltr'>tamen</span> <span class='ocrx_word' id='word_1_24' title='bbox 692 333 800 363; x_wconf 77' lang='lat' dir='ltr'>adhuc</span> <span class='ocrx_word' id='word_1_25' title='bbox 832 338 908 363; x_wconf 83' lang='lat' dir='ltr'>sunt</span> <span class='ocrx_word' id='word_1_26' title='bbox 930 332 1169 380; x_wconf 64' lang='lat' dir='ltr'>imperfectae&lt;</span> 
     </span>
    </p>
   </div>
   <div class='ocr_carea' id='block_1_4' title="bbox 161 374 1144 758">
    <p class='ocr_par' dir='ltr' id='par_1_4' title="bbox 162 374 1144 661">
     <span class='ocr_line' id='line_1_6' title="bbox 165 374 1143 416; baseline 0.002 -11"><span class='ocrx_word' id='word_1_27' title='bbox 165 381 198 406; x_wconf 90' lang='lat' dir='ltr'>et</span> <span class='ocrx_word' id='word_1_28' title='bbox 220 374 338 406; x_wconf 88' lang='lat' dir='ltr'>herent</span> <span class='ocrx_word' id='word_1_29' title='bbox 362 376 393 406; x_wconf 91' lang='lat' dir='ltr'>in</span> <span class='ocrx_word' id='word_1_30' title='bbox 418 376 514 406; x_wconf 85' lang='lat' dir='ltr'>nobis</span> <span class='ocrx_word' id='word_1_31' title='bbox 537 375 697 416; x_wconf 78' lang='lat' dir='ltr'>reliquiae</span> <span class='ocrx_word' id='word_1_32' title='bbox 720 375 858 416; x_wconf 84' lang='lat' dir='ltr'>peccati.</span> <span class='ocrx_word' id='word_1_33' title='bbox 903 375 980 415; x_wconf 86' lang='lat' dir='ltr'>ldeo</span> <span class='ocrx_word' id='word_1_34' title='bbox 1000 376 1143 407; x_wconf 85' lang='lat' dir='ltr'>tenenda</span> 
     </span>
     <span class='ocr_line' id='line_1_7' title="bbox 164 417 1142 458; baseline 0 -10"><span class='ocrx_word' id='word_1_35' title='bbox 164 422 217 448; x_wconf 85' lang='lat' dir='ltr'>est</span> <span class='ocrx_word' id='word_1_36' title='bbox 232 417 318 448; x_wconf 90' lang='lat' dir='ltr'>haec</span> <span class='ocrx_word' id='word_1_37' title='bbox 331 417 529 455; x_wconf 86' lang='lat' dir='ltr'>consolatio,</span> <span class='ocrx_word' id='word_1_38' title='bbox 552 417 686 458; x_wconf 88' lang='lat' dir='ltr'>placere</span> <span class='ocrx_word' id='word_1_39' title='bbox 697 427 873 458; x_wconf 84' lang='lat' dir='ltr'><strong>personam</strong></span> <span class='ocrx_word' id='word_1_40' title='bbox 893 423 1028 458; x_wconf 89' lang='lat' dir='ltr'>propter</span> <span class='ocrx_word' id='word_1_41' title='bbox 1040 417 1142 449; x_wconf 84' lang='lat' dir='ltr'>filium</span> 
     </span>
     <span class='ocr_line' id='line_1_8' title="bbox 164 460 1141 501; baseline 0 -10"><span class='ocrx_word' id='word_1_42' title='bbox 164 460 234 497; x_wconf 80' lang='lat' dir='ltr'>dei,</span> <span class='ocrx_word' id='word_1_43' title='bbox 259 460 417 500; x_wconf 76' lang='lat' dir='ltr'>imputata</span> <span class='ocrx_word' id='word_1_44' title='bbox 442 461 537 491; x_wconf 81' lang='lat' dir='ltr'>nobis</span> <span class='ocrx_word' id='word_1_45' title='bbox 567 461 670 501; x_wconf 85' lang='lat' dir='ltr'>ipsius</span> <span class='ocrx_word' id='word_1_46' title='bbox 702 461 843 498; x_wconf 66' lang='lat' dir='ltr'>iustitia,</span> <span class='ocrx_word' id='word_1_47' title='bbox 876 461 968 492; x_wconf 85' lang='lat' dir='ltr'>Sicut</span> <span class='ocrx_word' id='word_1_48' title='bbox 992 460 1086 491; x_wconf 86' lang='lat' dir='ltr'>Rom.</span> <span class='ocrx_word' id='word_1_49' title='bbox 1110 461 1141 491; x_wconf 80' lang='lat'>4.</span> 
     </span>
     <span class='ocr_line' id='line_1_9' title="bbox 164 501 1143 543; baseline 0.001 -10"><span class='ocrx_word' id='word_1_50' title='bbox 164 503 301 539; x_wconf 80' lang='lat' dir='ltr'>dicitur,</span> <span class='ocrx_word' id='word_1_51' title='bbox 339 501 485 534; x_wconf 75' lang='lat' dir='ltr'><strong>Credidit</strong></span> <span class='ocrx_word' id='word_1_52' title='bbox 507 503 676 534; x_wconf 86' lang='lat' dir='ltr'>Abraham</span> <span class='ocrx_word' id='word_1_53' title='bbox 702 504 782 540; x_wconf 87' lang='lat' dir='ltr'>deo,</span> <span class='ocrx_word' id='word_1_54' title='bbox 810 508 843 533; x_wconf 85' lang='lat' dir='ltr'>et</span> <span class='ocrx_word' id='word_1_55' title='bbox 872 503 1062 543; x_wconf 77' lang='lat' dir='ltr'>imputatum</span> <span class='ocrx_word' id='word_1_56' title='bbox 1091 508 1143 534; x_wconf 84' lang='lat' dir='ltr'>est</span> 
     </span>
     <span class='ocr_line' id='line_1_10' title="bbox 163 545 1142 587; baseline 0.001 -11"><span class='ocrx_word' id='word_1_57' title='bbox 163 546 192 576; x_wconf 86' lang='lat' dir='ltr'>ei</span> <span class='ocrx_word' id='word_1_58' title='bbox 226 546 269 575; x_wconf 75' lang='lat' dir='ltr'>ad</span> <span class='ocrx_word' id='word_1_59' title='bbox 300 546 475 576; x_wconf 82' lang='lat' dir='ltr'>iusticiam.</span> <span class='ocrx_word' id='word_1_60' title='bbox 521 545 602 576; x_wconf 90' lang='lat' dir='ltr'>Item</span> <span class='ocrx_word' id='word_1_61' title='bbox 639 545 720 584; x_wconf 84' lang='lat' dir='ltr'>[fol.</span> <span class='ocrx_word' id='word_1_62' title='bbox 749 546 829 583; x_wconf 65' lang='lat'>26⁸]</span> <span class='ocrx_word' id='word_1_63' title='bbox 863 545 974 583; x_wconf 81' lang='lat' dir='ltr'>Beati,</span> <span class='ocrx_word' id='word_1_64' title='bbox 1003 555 1142 587; x_wconf 90' lang='lat' dir='ltr'>quorum</span> 
     </span>
     <span class='ocr_line' id='line_1_11' title="bbox 162 588 1144 629; baseline 0.002 -12"><span class='ocrx_word' id='word_1_65' title='bbox 162 588 322 618; x_wconf 82' lang='lat' dir='ltr'><strong>remissae</strong></span> <span class='ocrx_word' id='word_1_66' title='bbox 346 594 424 618; x_wconf 84' lang='lat' dir='ltr'>sunt</span> <span class='ocrx_word' id='word_1_67' title='bbox 442 588 629 629; x_wconf 83' lang='lat' dir='ltr'>iniquitates</span> <span class='ocrx_word' id='word_1_68' title='bbox 647 595 680 618; x_wconf 89' lang='lat' dir='ltr'>et</span> <span class='ocrx_word' id='word_1_69' title='bbox 697 599 837 629; x_wconf 89' lang='lat' dir='ltr'>quorum</span> <span class='ocrx_word' id='word_1_70' title='bbox 861 594 947 619; x_wconf 85' lang='lat' dir='ltr'>tecta</span> <span class='ocrx_word' id='word_1_71' title='bbox 970 595 1048 619; x_wconf 88' lang='lat' dir='ltr'>sunt</span> <span class='ocrx_word' id='word_1_72' title='bbox 1066 598 1144 629; x_wconf 88' lang='lat' dir='ltr'>pec-</span> 
     </span>
     <span class='ocr_line' id='line_1_12' title="bbox 162 636 249 661; baseline -0.011 0"><span class='ocrx_word' id='word_1_73' title='bbox 162 636 249 661; x_wconf 82' lang='lat' dir='ltr'>cata.</span> 
     </span>
    </p>

    <p class='ocr_par' dir='ltr' id='par_1_5' title="bbox 161 672 1142 758">
     <span class='ocr_line' id='line_1_13' title="bbox 246 672 1142 715; baseline 0.001 -12"><span class='ocrx_word' id='word_1_74' title='bbox 246 672 360 713; x_wconf 89' lang='lat' dir='ltr'>ltaque</span> <span class='ocrx_word' id='word_1_75' title='bbox 396 679 429 704; x_wconf 91' lang='lat' dir='ltr'>et</span> <span class='ocrx_word' id='word_1_76' title='bbox 472 673 672 705; x_wconf 83' lang='lat' dir='ltr'>correlatiue</span> <span class='ocrx_word' id='word_1_77' title='bbox 713 672 928 715; x_wconf 86' lang='lat' dir='ltr'>intelligenda</span> <span class='ocrx_word' id='word_1_78' title='bbox 968 680 1018 705; x_wconf 91' lang='lat' dir='ltr'>est</span> <span class='ocrx_word' id='word_1_79' title='bbox 1057 673 1142 704; x_wconf 87' lang='lat' dir='ltr'>haec</span> 
     </span>
     <span class='ocr_line' id='line_1_14' title="bbox 161 714 1142 758; baseline 0.002 -13"><span class='ocrx_word' id='word_1_80' title='bbox 161 715 278 746; x_wconf 90' lang='lat' dir='ltr'>oratio.</span> <span class='ocrx_word' id='word_1_81' title='bbox 324 714 404 746; x_wconf 89' lang='lat' dir='ltr'>Fide</span> <span class='ocrx_word' id='word_1_82' title='bbox 428 716 661 754; x_wconf 85' lang='lat' dir='ltr'>iustificamur,</span> <span class='ocrx_word' id='word_1_83' title='bbox 694 716 767 748; x_wconf 87' lang='lat' dir='ltr'>Hoc</span> <span class='ocrx_word' id='word_1_84' title='bbox 791 723 842 747; x_wconf 86' lang='lat' dir='ltr'>est</span> <span class='ocrx_word' id='word_1_85' title='bbox 865 716 984 747; x_wconf 86' lang='lat' dir='ltr'>fiducia</span> <span class='ocrx_word' id='word_1_86' title='bbox 1007 716 1064 758; x_wconf 85' lang='lat' dir='ltr'>filij</span> <span class='ocrx_word' id='word_1_87' title='bbox 1090 717 1142 748; x_wconf 89' lang='lat' dir='ltr'>dei</span> 
     </span>
    </p>
   </div>
   <div class='ocr_carea' id='block_1_5' title="bbox 160 757 1170 808">
    <p class='ocr_par' dir='ltr' id='par_1_6' title="bbox 160 757 1170 808">
     <span class='ocr_line' id='line_1_15' title="bbox 160 757 1170 808; baseline 0.002 -20"><span class='ocrx_word' id='word_1_88' title='bbox 160 757 387 795; x_wconf 72' lang='lat' dir='ltr'>iusfificamur,</span> <span class='ocrx_word' id='word_1_89' title='bbox 410 768 477 789; x_wconf 86' lang='lat' dir='ltr'>non</span> <span class='ocrx_word' id='word_1_90' title='bbox 500 766 636 800; x_wconf 85' lang='lat' dir='ltr'>propter</span> <span class='ocrx_word' id='word_1_91' title='bbox 659 767 806 791; x_wconf 80' lang='lat' dir='ltr'>nostram</span> <span class='ocrx_word' id='word_1_92' title='bbox 836 759 1044 800; x_wconf 80' lang='lat' dir='ltr'>qualitatem,</span> <span class='ocrx_word' id='word_1_93' title='bbox 1075 759 1142 790; x_wconf 89' lang='lat' dir='ltr'>Sed</span> <span class='ocrx_word' id='word_1_94' title='bbox 1166 759 1170 808; x_wconf 70' lang='grc' dir='ltr'>Ι</span> 
     </span>
    </p>
   </div>
   <div class='ocr_carea' id='block_1_6' title="bbox 160 801 1143 1271">
    <p class='ocr_par' dir='ltr' id='par_1_7' title="bbox 162 801 1143 1013">
     <span class='ocr_line' id='line_1_16' title="bbox 162 801 1143 843; baseline 0.002 -12"><span class='ocrx_word' id='word_1_95' title='bbox 162 802 238 841; x_wconf 85' lang='lat' dir='ltr'>quia</span> <span class='ocrx_word' id='word_1_96' title='bbox 262 801 334 842; x_wconf 88' lang='lat' dir='ltr'>ipse</span> <span class='ocrx_word' id='word_1_97' title='bbox 358 807 408 831; x_wconf 88' lang='lat' dir='ltr'>est</span> <span class='ocrx_word' id='word_1_98' title='bbox 432 802 644 843; x_wconf 86' lang='lat' dir='ltr'>propiciat0r‚</span> <span class='ocrx_word' id='word_1_99' title='bbox 668 804 700 833; x_wconf 92' lang='lat' dir='ltr'>in</span> <span class='ocrx_word' id='word_1_100' title='bbox 724 804 853 843; x_wconf 73' lang='lat' dir='ltr'>quo&#39;27)</span> <span class='ocrx_word' id='word_1_101' title='bbox 877 812 936 833; x_wconf 84' lang='lat' dir='ltr'>cor</span> <span class='ocrx_word' id='word_1_102' title='bbox 959 803 1143 843; x_wconf 85' lang='lat' dir='ltr'>acquiescit</span> 
     </span>
     <span class='ocr_line' id='line_1_17' title="bbox 162 843 1142 886; baseline 0.002 -12"><span class='ocrx_word' id='word_1_103' title='bbox 162 843 283 874; x_wconf 86' lang='lat' dir='ltr'>fiducia</span> <span class='ocrx_word' id='word_1_104' title='bbox 307 844 490 884; x_wconf 73' lang='lat' dir='ltr'>promissae</span> <span class='ocrx_word' id='word_1_105' title='bbox 510 845 754 875; x_wconf 82' lang='lat' dir='ltr'>misericordiae</span> <span class='ocrx_word' id='word_1_106' title='bbox 776 850 911 886; x_wconf 87' lang='lat' dir='ltr'>propter</span> <span class='ocrx_word' id='word_1_107' title='bbox 934 855 1020 882; x_wconf 85' lang='lat' dir='ltr'>eum,</span> <span class='ocrx_word' id='word_1_108' title='bbox 1045 855 1142 886; x_wconf 80' lang='lat' dir='ltr'>quam</span> 
     </span>
     <span class='ocr_line' id='line_1_18' title="bbox 162 885 1141 928; baseline 0.002 -12"><span class='ocrx_word' id='word_1_109' title='bbox 162 885 314 917; x_wconf 85' lang='lat' dir='ltr'>fiduciam</span> <span class='ocrx_word' id='word_1_110' title='bbox 336 887 407 927; x_wconf 85' lang='lat' dir='ltr'>ipse</span> <span class='ocrx_word' id='word_1_111' title='bbox 431 889 547 928; x_wconf 81' lang='lat' dir='ltr'>spiritu</span> <span class='ocrx_word' id='word_1_112' title='bbox 569 898 631 918; x_wconf 86' lang='lat' dir='ltr'>suo</span> <span class='ocrx_word' id='word_1_113' title='bbox 655 894 770 918; x_wconf 81' lang='lat' dir='ltr'>sancto</span> <span class='ocrx_word' id='word_1_114' title='bbox 789 888 964 925; x_wconf 81' lang='lat' dir='ltr'>exuscitat,</span> <span class='ocrx_word' id='word_1_115' title='bbox 988 889 1073 919; x_wconf 82' lang='lat' dir='ltr'>sicut</span> <span class='ocrx_word' id='word_1_116' title='bbox 1096 888 1141 918; x_wconf 92' lang='lat' dir='ltr'>in-</span> 
     </span>
     <span class='ocr_line' id='line_1_19' title="bbox 162 927 1142 972; baseline 0.003 -14"><span class='ocrx_word' id='word_1_117' title='bbox 162 929 231 970; x_wconf 89' lang='lat' dir='ltr'>quit</span> <span class='ocrx_word' id='word_1_118' title='bbox 254 927 399 967; x_wconf 78' lang='lat' dir='ltr'>Paulus,</span> <span class='ocrx_word' id='word_1_119' title='bbox 436 931 626 971; x_wconf 87' lang='lat' dir='ltr'>Accepistis</span> <span class='ocrx_word' id='word_1_120' title='bbox 650 930 806 971; x_wconf 87' lang='lat' dir='ltr'>Spiritum</span> <span class='ocrx_word' id='word_1_121' title='bbox 841 931 1028 972; x_wconf 87' lang='lat' dir='ltr'>adoptionis</span> <span class='ocrx_word' id='word_1_122' title='bbox 1059 929 1142 961; x_wconf 90' lang='lat' dir='ltr'>filio-</span> 
     </span>
     <span class='ocr_line' id='line_1_20' title="bbox 162 971 848 1013; baseline 0 -11"><span class='ocrx_word' id='word_1_123' title='bbox 162 982 245 1009; x_wconf 89' lang='lat' dir='ltr'>rum,</span> <span class='ocrx_word' id='word_1_124' title='bbox 268 974 398 1012; x_wconf 56' lang='lat' dir='ltr'>quo‘ffl)</span> <span class='ocrx_word' id='word_1_125' title='bbox 423 971 602 1004; x_wconf 78' lang='lat' dir='ltr'>clamamus</span> <span class='ocrx_word' id='word_1_126' title='bbox 626 974 724 1004; x_wconf 80' lang='lat' dir='ltr'>Abba</span> <span class='ocrx_word' id='word_1_127' title='bbox 747 979 848 1013; x_wconf 85' lang='lat' dir='ltr'>pater.</span> 
     </span>
    </p>

    <p class='ocr_par' dir='ltr' id='par_1_8' title="bbox 160 1014 1141 1271">
     <span class='ocr_line' id='line_1_21' title="bbox 248 1014 1141 1056; baseline 0.002 -12"><span class='ocrx_word' id='word_1_128' title='bbox 248 1014 310 1045; x_wconf 92' lang='lat' dir='ltr'>Hic</span> <span class='ocrx_word' id='word_1_129' title='bbox 329 1020 361 1045; x_wconf 89' lang='lat' dir='ltr'>et</span> <span class='ocrx_word' id='word_1_130' title='bbox 380 1016 420 1046; x_wconf 93' lang='lat' dir='ltr'>de</span> <span class='ocrx_word' id='word_1_131' title='bbox 440 1015 600 1056; x_wconf 81' lang='lat' dir='ltr'>particula</span> <span class='ocrx_word' id='word_1_132' title='bbox 613 1014 786 1047; x_wconf 79' lang='lat' dir='ltr'>exclusiua</span> <span class='ocrx_word' id='word_1_133' title='bbox 799 1016 970 1048; x_wconf 80' lang='lat' dir='ltr'>dicendum</span> <span class='ocrx_word' id='word_1_134' title='bbox 984 1022 1046 1047; x_wconf 89' lang='lat' dir='ltr'>est.</span> <span class='ocrx_word' id='word_1_135' title='bbox 1078 1015 1141 1046; x_wconf 90' lang='lat' dir='ltr'>To-</span> 
     </span>
     <span class='ocr_line' id='line_1_22' title="bbox 162 1057 1141 1099; baseline 0.002 -12"><span class='ocrx_word' id='word_1_136' title='bbox 162 1057 225 1088; x_wconf 88' lang='lat' dir='ltr'>ties</span> <span class='ocrx_word' id='word_1_137' title='bbox 240 1058 357 1098; x_wconf 88' lang='lat' dir='ltr'>repetit</span> <span class='ocrx_word' id='word_1_138' title='bbox 371 1058 495 1089; x_wconf 79' lang='lat' dir='ltr'>Paulus</span> <span class='ocrx_word' id='word_1_139' title='bbox 510 1058 708 1090; x_wconf 81' lang='lat' dir='ltr'>vocabulum</span> <span class='ocrx_word' id='word_1_140' title='bbox 717 1058 842 1096; x_wconf 89' lang='lat' dir='ltr'>Gratis,</span> <span class='ocrx_word' id='word_1_141' title='bbox 855 1069 919 1099; x_wconf 81' lang='lat' dir='ltr'>qua</span> <span class='ocrx_word' id='word_1_142' title='bbox 928 1068 1013 1090; x_wconf 88' lang='lat' dir='ltr'>voce</span> <span class='ocrx_word' id='word_1_143' title='bbox 1027 1060 1141 1090; x_wconf 81' lang='lat' dir='ltr'>certis—</span> 
     </span>
     <span class='ocr_line' id='line_1_23' title="bbox 160 1100 1139 1133; baseline 0.002 -3"><span class='ocrx_word' id='word_1_144' title='bbox 160 1100 279 1130; x_wconf 86' lang='lat' dir='ltr'>simum</span> <span class='ocrx_word' id='word_1_145' title='bbox 294 1106 345 1131; x_wconf 89' lang='lat' dir='ltr'>est</span> <span class='ocrx_word' id='word_1_146' title='bbox 360 1100 488 1132; x_wconf 79' lang='lat' dir='ltr'>excludi</span> <span class='ocrx_word' id='word_1_147' title='bbox 503 1102 721 1133; x_wconf 85' lang='lat' dir='ltr'>conditionem</span> <span class='ocrx_word' id='word_1_148' title='bbox 735 1102 924 1133; x_wconf 86' lang='lat' dir='ltr'>meritorum</span> <span class='ocrx_word' id='word_1_149' title='bbox 938 1107 1139 1132; x_wconf 88' lang='lat' dir='ltr'>nostrorum.</span> 
     </span>
     <span class='ocr_line' id='line_1_24' title="bbox 161 1142 1140 1185; baseline 0.002 -12"><span class='ocrx_word' id='word_1_150' title='bbox 161 1142 239 1173; x_wconf 83' lang='lat' dir='ltr'>Ideo</span> <span class='ocrx_word' id='word_1_151' title='bbox 252 1143 282 1173; x_wconf 89' lang='lat' dir='ltr'>in</span> <span class='ocrx_word' id='word_1_152' title='bbox 297 1142 460 1185; x_wconf 83' lang='lat' dir='ltr'>Ecclesijs</span> <span class='ocrx_word' id='word_1_153' title='bbox 479 1145 603 1175; x_wconf 79' lang='lat' dir='ltr'>nostris</span> <span class='ocrx_word' id='word_1_154' title='bbox 629 1144 702 1183; x_wconf 85' lang='lat' dir='ltr'>[fol.</span> <span class='ocrx_word' id='word_1_155' title='bbox 722 1144 800 1182; x_wconf 59' lang='lat'><strong>26¹⁷)</strong></span> <span class='ocrx_word' id='word_1_156' title='bbox 826 1145 1035 1182; x_wconf 74' lang='lat' dir='ltr'>docetur‚·2⁹)</span> <span class='ocrx_word' id='word_1_157' title='bbox 1059 1143 1140 1176; x_wconf 86' lang='lat' dir='ltr'>Sola</span> 
     </span>
     <span class='ocr_line' id='line_1_25' title="bbox 161 1185 1140 1229; baseline 0.003 -14"><span class='ocrx_word' id='word_1_158' title='bbox 161 1185 288 1216; x_wconf 69' lang='lat' dir='ltr'>fide-3⁰)</span> <span class='ocrx_word' id='word_1_159' title='bbox 308 1186 535 1225; x_wconf 83' lang='lat' dir='ltr'>iustificamur,</span> <span class='ocrx_word' id='word_1_160' title='bbox 561 1188 648 1228; x_wconf 87' lang='lat' dir='ltr'>quod</span> <span class='ocrx_word' id='word_1_161' title='bbox 667 1188 716 1218; x_wconf 86' lang='lat' dir='ltr'>sie</span> <span class='ocrx_word' id='word_1_162' title='bbox 739 1186 949 1229; x_wconf 84' lang='lat' dir='ltr'>intelligimus</span> <span class='ocrx_word' id='word_1_163' title='bbox 973 1194 1005 1218; x_wconf 75' lang='lat' dir='ltr'>et</span> <span class='ocrx_word' id='word_1_164' title='bbox 1029 1186 1140 1218; x_wconf 80' lang='lat' dir='ltr'>decla-</span> 
     </span>
     <span class='ocr_line' id='line_1_26' title="bbox 160 1229 1140 1271; baseline 0.001 -12"><span class='ocrx_word' id='word_1_165' title='bbox 160 1238 285 1266; x_wconf 81' lang='lat' dir='ltr'>ramus,</span> <span class='ocrx_word' id='word_1_166' title='bbox 312 1229 434 1266; x_wconf 75' lang='lat' dir='ltr'>(iratis,</span> <span class='ocrx_word' id='word_1_167' title='bbox 459 1237 593 1271; x_wconf 82' lang='lat' dir='ltr'>propter</span> <span class='ocrx_word' id='word_1_168' title='bbox 610 1229 718 1261; x_wconf 86' lang='lat' dir='ltr'>solum</span> <span class='ocrx_word' id='word_1_169' title='bbox 736 1231 959 1268; x_wconf 80' lang='lat' dir='ltr'>mediatorem,</span> <span class='ocrx_word' id='word_1_170' title='bbox 982 1240 1047 1261; x_wconf 92' lang='lat' dir='ltr'>non</span> <span class='ocrx_word' id='word_1_171' title='bbox 1062 1240 1140 1270; x_wconf 90' lang='lat' dir='ltr'>pro-</span> 
     </span>
    </p>
   </div>
   <div class='ocr_carea' id='block_1_7' title="bbox 160 1271 1165 1311">
    <p class='ocr_par' dir='ltr' id='par_1_9' title="bbox 160 1271 1165 1311">
     <span class='ocr_line' id='line_1_27' title="bbox 160 1271 1165 1311; baseline 0 -9"><span class='ocrx_word' id='word_1_172' title='bbox 160 1277 234 1311; x_wconf 89' lang='lat' dir='ltr'>pter</span> <span class='ocrx_word' id='word_1_173' title='bbox 268 1277 414 1302; x_wconf 78' lang='lat' dir='ltr'>nostram</span> <span class='ocrx_word' id='word_1_174' title='bbox 444 1273 672 1303; x_wconf 80' lang='lat' dir='ltr'>contritionem</span> <span class='ocrx_word' id='word_1_175' title='bbox 702 1283 761 1304; x_wconf 87' lang='lat' dir='ltr'>seu</span> <span class='ocrx_word' id='word_1_176' title='bbox 792 1271 856 1303; x_wconf 87' lang='lat' dir='ltr'>alia</span> <span class='ocrx_word' id='word_1_177' title='bbox 884 1278 1000 1303; x_wconf 87' lang='lat' dir='ltr'>nostra</span> <span class='ocrx_word' id='word_1_178' title='bbox 1023 1273 1165 1304; x_wconf 47' lang='lat' dir='ltr'>meritak</span> 
     </span>
    </p>
   </div>
   <div class='ocr_carea' id='block_1_8' title="bbox 158 1314 1139 1818">
    <p class='ocr_par' dir='ltr' id='par_1_10' title="bbox 158 1314 1139 1784">
     <span class='ocr_line' id='line_1_28' title="bbox 161 1314 1137 1356; baseline 0.003 -13"><span class='ocrx_word' id='word_1_179' title='bbox 161 1314 324 1344; x_wconf 87' lang='lat' dir='ltr'>donamur</span> <span class='ocrx_word' id='word_1_180' title='bbox 347 1315 543 1346; x_wconf 88' lang='lat' dir='ltr'>remissione</span> <span class='ocrx_word' id='word_1_181' title='bbox 564 1322 775 1356; x_wconf 87' lang='lat' dir='ltr'>peccatorum</span> <span class='ocrx_word' id='word_1_182' title='bbox 806 1322 837 1345; x_wconf 84' lang='lat' dir='ltr'>et</span> <span class='ocrx_word' id='word_1_183' title='bbox 859 1314 1137 1347; x_wconf 85' lang='lat' dir='ltr'>reconciliatione.</span> 
     </span>
     <span class='ocr_line' id='line_1_29' title="bbox 159 1356 1139 1396; baseline 0.002 -9"><span class='ocrx_word' id='word_1_184' title='bbox 159 1356 230 1387; x_wconf 88' lang='lat' dir='ltr'>Etsi</span> <span class='ocrx_word' id='word_1_185' title='bbox 253 1357 338 1387; x_wconf 82' lang='lat' dir='ltr'>enim</span> <span class='ocrx_word' id='word_1_186' title='bbox 363 1359 580 1396; x_wconf 70' lang='lat' dir='ltr'>contritio-³¹)</span> <span class='ocrx_word' id='word_1_187' title='bbox 604 1365 636 1390; x_wconf 93' lang='lat' dir='ltr'>et</span> <span class='ocrx_word' id='word_1_188' title='bbox 660 1357 747 1389; x_wconf 85' lang='lat' dir='ltr'>aliae</span> <span class='ocrx_word' id='word_1_189' title='bbox 758 1360 896 1389; x_wconf 84' lang='lat' dir='ltr'>virtutes</span> <span class='ocrx_word' id='word_1_190' title='bbox 918 1357 1042 1390; x_wconf 90' lang='lat' dir='ltr'>multae</span> <span class='ocrx_word' id='word_1_191' title='bbox 1065 1368 1139 1389; x_wconf 90' lang='lat' dir='ltr'>cum</span> 
     </span>
     <span class='ocr_line' id='line_1_30' title="bbox 158 1398 1138 1438; baseline 0.001 -8"><span class='ocrx_word' id='word_1_192' title='bbox 158 1400 225 1430; x_wconf 86' lang='lat' dir='ltr'>fide</span> <span class='ocrx_word' id='word_1_193' title='bbox 247 1409 307 1430; x_wconf 88' lang='lat' dir='ltr'>seu</span> <span class='ocrx_word' id='word_1_194' title='bbox 331 1398 394 1431; x_wconf 87' lang='lat' dir='ltr'>hac</span> <span class='ocrx_word' id='word_1_195' title='bbox 423 1400 544 1432; x_wconf 86' lang='lat' dir='ltr'>fiducia</span> <span class='ocrx_word' id='word_1_196' title='bbox 572 1400 671 1433; x_wconf 74' lang='lat' dir='ltr'>simul</span> <span class='ocrx_word' id='word_1_197' title='bbox 700 1401 1005 1438; x_wconf 50' lang='lat' dir='ltr'>accendunturstss)</span> <span class='ocrx_word' id='word_1_198' title='bbox 1028 1408 1138 1431; x_wconf 87' lang='lat' dir='ltr'>tamen</span> 
     </span>
     <span class='ocr_line' id='line_1_31' title="bbox 158 1441 1138 1475; baseline 0.001 -3"><span class='ocrx_word' id='word_1_199' title='bbox 158 1441 221 1473; x_wconf 87' lang='lat' dir='ltr'>hae</span> <span class='ocrx_word' id='word_1_200' title='bbox 245 1443 383 1473; x_wconf 85' lang='lat' dir='ltr'>virtutes</span> <span class='ocrx_word' id='word_1_201' title='bbox 409 1453 475 1474; x_wconf 90' lang='lat' dir='ltr'>non</span> <span class='ocrx_word' id='word_1_202' title='bbox 505 1452 580 1475; x_wconf 82' lang='lat' dir='ltr'>sunt</span> <span class='ocrx_word' id='word_1_203' title='bbox 617 1454 718 1475; x_wconf 85' lang='lat' dir='ltr'>eausa</span> <span class='ocrx_word' id='word_1_204' title='bbox 746 1454 805 1475; x_wconf 85' lang='lat' dir='ltr'>seu</span> <span class='ocrx_word' id='word_1_205' title='bbox 834 1444 982 1475; x_wconf 85' lang='lat' dir='ltr'>meritum</span> <span class='ocrx_word' id='word_1_206' title='bbox 1011 1443 1138 1474; x_wconf 86' lang='lat' dir='ltr'>Remis-</span> 
     </span>
     <span class='ocr_line' id='line_1_32' title="bbox 158 1486 1138 1528; baseline 0.002 -13"><span class='ocrx_word' id='word_1_207' title='bbox 158 1486 261 1516; x_wconf 87' lang='lat' dir='ltr'>sionis</span> <span class='ocrx_word' id='word_1_208' title='bbox 286 1492 511 1525; x_wconf 80' lang='lat' dir='ltr'>peccatorum,</span> <span class='ocrx_word' id='word_1_209' title='bbox 535 1497 598 1518; x_wconf 91' lang='lat' dir='ltr'>nec</span> <span class='ocrx_word' id='word_1_210' title='bbox 618 1494 754 1528; x_wconf 87' lang='lat' dir='ltr'>propter</span> <span class='ocrx_word' id='word_1_211' title='bbox 771 1497 830 1518; x_wconf 86' lang='lat' dir='ltr'>eas</span> <span class='ocrx_word' id='word_1_212' title='bbox 852 1496 997 1528; x_wconf 88' lang='lat' dir='ltr'>persona</span> <span class='ocrx_word' id='word_1_213' title='bbox 1016 1486 1138 1527; x_wconf 88' lang='lat' dir='ltr'>placet,</span> 
     </span>
     <span class='ocr_line' id='line_1_33' title="bbox 158 1526 1136 1570; baseline 0 -10"><span class='ocrx_word' id='word_1_214' title='bbox 158 1528 253 1560; x_wconf 82' lang='lat' dir='ltr'>quta</span> <span class='ocrx_word' id='word_1_215' title='bbox 287 1526 386 1565; x_wconf 86' lang='lat' dir='ltr'>illud,</span> <span class='ocrx_word' id='word_1_216' title='bbox 426 1540 493 1560; x_wconf 84' lang='lat' dir='ltr'>non</span> <span class='ocrx_word' id='word_1_217' title='bbox 527 1530 758 1562; x_wconf 74' lang='lat' dir='ltr'>iustificabitur</span> <span class='ocrx_word' id='word_1_218' title='bbox 791 1531 823 1560; x_wconf 95' lang='lat' dir='ltr'>in</span> <span class='ocrx_word' id='word_1_219' title='bbox 857 1536 1041 1570; x_wconf 82' lang='lat' dir='ltr'>conspectu</span> <span class='ocrx_word' id='word_1_220' title='bbox 1080 1535 1136 1560; x_wconf 78' lang='lat' dir='ltr'>tuo</span> 
     </span>
     <span class='ocr_line' id='line_1_34' title="bbox 159 1571 1135 1613; baseline 0.001 -12"><span class='ocrx_word' id='word_1_221' title='bbox 159 1571 265 1602; x_wconf 86' lang='lat' dir='ltr'>omnis</span> <span class='ocrx_word' id='word_1_222' title='bbox 282 1572 409 1608; x_wconf 83' lang='lat' dir='ltr'>viuens‚</span> <span class='ocrx_word' id='word_1_223' title='bbox 434 1573 493 1603; x_wconf 85' lang='lat' dir='ltr'>sed</span> <span class='ocrx_word' id='word_1_224' title='bbox 512 1572 612 1604; x_wconf 87' lang='lat' dir='ltr'>habet</span> <span class='ocrx_word' id='word_1_225' title='bbox 628 1573 857 1603; x_wconf 84' lang='lat' dir='ltr'>remissionem</span> <span class='ocrx_word' id='word_1_226' title='bbox 876 1580 909 1603; x_wconf 87' lang='lat' dir='ltr'>et</span> <span class='ocrx_word' id='word_1_227' title='bbox 931 1571 1040 1613; x_wconf 85' lang='lat' dir='ltr'>placet</span> <span class='ocrx_word' id='word_1_228' title='bbox 1063 1583 1135 1613; x_wconf 87' lang='lat' dir='ltr'>per-</span> 
     </span>
     <span class='ocr_line' id='line_1_35' title="bbox 160 1615 1136 1657; baseline 0.001 -13"><span class='ocrx_word' id='word_1_229' title='bbox 160 1624 244 1645; x_wconf 89' lang='lat' dir='ltr'>sona</span> <span class='ocrx_word' id='word_1_230' title='bbox 279 1620 370 1645; x_wconf 87' lang='lat' dir='ltr'>certo</span> <span class='ocrx_word' id='word_1_231' title='bbox 405 1622 542 1656; x_wconf 87' lang='lat' dir='ltr'>propter</span> <span class='ocrx_word' id='word_1_232' title='bbox 569 1616 783 1647; x_wconf 84' lang='lat' dir='ltr'>mediatorem</span> <span class='ocrx_word' id='word_1_233' title='bbox 812 1625 910 1657; x_wconf 89' lang='lat' dir='ltr'>quem</span> <span class='ocrx_word' id='word_1_234' title='bbox 933 1615 998 1646; x_wconf 87' lang='lat' dir='ltr'>fide</span> <span class='ocrx_word' id='word_1_235' title='bbox 1021 1616 1136 1657; x_wconf 89' lang='lat' dir='ltr'>adpre-</span> 
     </span>
     <span class='ocr_line' id='line_1_36' title="bbox 159 1655 1135 1700; baseline 0.002 -13"><span class='ocrx_word' id='word_1_236' title='bbox 159 1655 258 1688; x_wconf 89' lang='lat' dir='ltr'>hendi</span> <span class='ocrx_word' id='word_1_237' title='bbox 287 1663 437 1698; x_wconf 66' lang='lat' dir='ltr'>oportet,</span> <span class='ocrx_word' id='word_1_238' title='bbox 471 1665 506 1690; x_wconf 85' lang='lat' dir='ltr'>vt</span> <span class='ocrx_word' id='word_1_239' title='bbox 535 1659 575 1690; x_wconf 91' lang='lat' dir='ltr'>ad</span> <span class='ocrx_word' id='word_1_240' title='bbox 604 1658 769 1700; x_wconf 85' lang='lat' dir='ltr'>Ephesios</span> <span class='ocrx_word' id='word_1_241' title='bbox 799 1659 916 1690; x_wconf 89' lang='lat' dir='ltr'>dicitur</span> <span class='ocrx_word' id='word_1_242' title='bbox 946 1669 1016 1700; x_wconf 88' lang='lat' dir='ltr'>cap.</span> <span class='ocrx_word' id='word_1_243' title='bbox 1041 1658 1135 1694; x_wconf 75' lang='lat'><strong>3.³³)</strong></span> 
     </span>
     <span class='ocr_line' id='line_1_37' title="bbox 159 1699 1138 1741; baseline 0.001 -11"><span class='ocrx_word' id='word_1_244' title='bbox 159 1699 225 1730; x_wconf 88' lang='lat' dir='ltr'>Per</span> <span class='ocrx_word' id='word_1_245' title='bbox 249 1710 345 1741; x_wconf 91' lang='lat' dir='ltr'>quem</span> <span class='ocrx_word' id='word_1_246' title='bbox 371 1701 448 1738; x_wconf 86' lang='lat' dir='ltr'>[fol.</span> <span class='ocrx_word' id='word_1_247' title='bbox 473 1701 552 1740; x_wconf 64' lang='lat'><strong>27⁸]</strong></span> <span class='ocrx_word' id='word_1_248' title='bbox 581 1703 741 1733; x_wconf 84' lang='lat' dir='ltr'>audemus</span> <span class='ocrx_word' id='word_1_249' title='bbox 769 1702 932 1733; x_wconf 82' lang='lat' dir='ltr'>accedere</span> <span class='ocrx_word' id='word_1_250' title='bbox 960 1702 992 1733; x_wconf 92' lang='lat' dir='ltr'>in</span> <span class='ocrx_word' id='word_1_251' title='bbox 1019 1701 1138 1733; x_wconf 87' lang='lat' dir='ltr'>fiducia</span> 
     </span>
     <span class='ocr_line' id='line_1_38' title="bbox 159 1743 686 1784; baseline 0.004 -11"><span class='ocrx_word' id='word_1_252' title='bbox 159 1752 245 1783; x_wconf 87' lang='lat' dir='ltr'>quae</span> <span class='ocrx_word' id='word_1_253' title='bbox 269 1750 320 1773; x_wconf 83' lang='lat' dir='ltr'>est</span> <span class='ocrx_word' id='word_1_254' title='bbox 342 1753 402 1784; x_wconf 90' lang='lat' dir='ltr'>per</span> <span class='ocrx_word' id='word_1_255' title='bbox 425 1743 522 1775; x_wconf 87' lang='lat' dir='ltr'>fidem</span> <span class='ocrx_word' id='word_1_256' title='bbox 547 1745 579 1775; x_wconf 92' lang='lat' dir='ltr'>in</span> <span class='ocrx_word' id='word_1_257' title='bbox 603 1755 686 1776; x_wconf 83' lang='lat' dir='ltr'>euin.</span> 
     </span>
    </p>

    <p class='ocr_par' dir='ltr' id='par_1_11' title="bbox 247 1785 1138 1818">
     <span class='ocr_line' id='line_1_39' title="bbox 247 1785 1138 1818; baseline 0 -2"><span class='ocrx_word' id='word_1_258' title='bbox 247 1785 338 1817; x_wconf 83' lang='lat' dir='ltr'>Haec</span> <span class='ocrx_word' id='word_1_259' title='bbox 367 1792 435 1818; x_wconf 81' lang='lat' dir='ltr'>tota</span> <span class='ocrx_word' id='word_1_260' title='bbox 466 1788 617 1818; x_wconf 86' lang='lat' dir='ltr'>doctrina</span> <span class='ocrx_word' id='word_1_261' title='bbox 652 1787 687 1818; x_wconf 88' lang='lat' dir='ltr'>fit</span> <span class='ocrx_word' id='word_1_262' title='bbox 715 1786 877 1818; x_wconf 82' lang='lat' dir='ltr'>illustrior</span> <span class='ocrx_word' id='word_1_263' title='bbox 906 1787 938 1817; x_wconf 92' lang='lat' dir='ltr'>in</span> <span class='ocrx_word' id='word_1_264' title='bbox 961 1796 1040 1817; x_wconf 90' lang='lat' dir='ltr'>uera</span> <span class='ocrx_word' id='word_1_265' title='bbox 1064 1796 1138 1817; x_wconf 90' lang='lat' dir='ltr'>con-</span> 
     </span>
    </p>
   </div>
   <div class='ocr_carea' id='block_1_9' title="bbox 160 1828 1138 1870">
    <p class='ocr_par' dir='ltr' id='par_1_12' title="bbox 160 1828 1138 1870">
     <span class='ocr_line' id='line_1_40' title="bbox 160 1828 1138 1870; baseline 0.002 -12"><span class='ocrx_word' id='word_1_266' title='bbox 160 1829 333 1866; x_wconf 88' lang='lat' dir='ltr'>uersione,</span> <span class='ocrx_word' id='word_1_267' title='bbox 357 1836 389 1860; x_wconf 83' lang='lat' dir='ltr'>et</span> <span class='ocrx_word' id='word_1_268' title='bbox 419 1830 610 1870; x_wconf 80' lang='lat' dir='ltr'>quotidiana</span> <span class='ocrx_word' id='word_1_269' title='bbox 641 1830 848 1861; x_wconf 86' lang='lat' dir='ltr'>inuocatione</span> <span class='ocrx_word' id='word_1_270' title='bbox 872 1830 1009 1870; x_wconf 83' lang='lat' dir='ltr'>piorum.</span> <span class='ocrx_word' id='word_1_271' title='bbox 1056 1828 1138 1860; x_wconf 90' lang='lat' dir='ltr'>Cum</span> 
     </span>
    </p>
   </div>
   <div class='ocr_carea' id='block_1_10' title="bbox 158 1914 317 1920">
    <p class='ocr_par' dir='ltr' id='par_1_13' title="bbox 158 1914 317 1920">
     <span class='ocr_line' id='line_1_41' title="bbox 158 1914 317 1920; baseline 0 0"><span class='ocrx_word' id='word_1_272' title='bbox 158 1914 317 1920; x_wconf 95' lang='lat' dir='ltr'> </span> 
     </span>
    </p>
   </div>
   <div class='ocr_carea' id='block_1_11' title="bbox 158 1974 1014 2050">
    <p class='ocr_par' dir='ltr' id='par_1_14' title="bbox 158 1974 1014 2050">
     <span class='ocr_line' id='line_1_42' title="bbox 158 1974 1014 2007; baseline 0 -10"><span class='ocrx_word' id='word_1_273' title='bbox 158 1974 205 2003; x_wconf 77' lang='lat'>24)</span> <span class='ocrx_word' id='word_1_274' title='bbox 226 1976 285 2006; x_wconf 74' lang='lat' dir='ltr'>nos]</span> <span class='ocrx_word' id='word_1_275' title='bbox 303 1974 386 1999; x_wconf 62' lang='lat' dir='ltr'>scriba</span> <span class='ocrx_word' id='word_1_276' title='bbox 405 1977 552 2007; x_wconf 69' lang='lat' dir='ltr'>scripserat:</span> <span class='ocrx_word' id='word_1_277' title='bbox 574 1982 598 1999; x_wconf 85' lang='lat' dir='ltr'>et</span> <span class='ocrx_word' id='word_1_278' title='bbox 617 1983 679 2005; x_wconf 83' lang='lat' dir='ltr'>nos,</span> <span class='ocrx_word' id='word_1_279' title='bbox 697 1975 758 1999; x_wconf 66' lang='lat' dir='ltr'>Mei.</span> <span class='ocrx_word' id='word_1_280' title='bbox 778 1982 858 1999; x_wconf 72' lang='lat' dir='ltr'>vocem</span> <span class='ocrx_word' id='word_1_281' title='bbox 878 1980 902 1998; x_wconf 83' lang='lat' dir='ltr'>et</span> <span class='ocrx_word' id='word_1_282' title='bbox 920 1975 1014 1999; x_wconf 73' lang='lat' dir='ltr'>delet-it.</span> 
     </span>
     <span class='ocr_line' id='line_1_43' title="bbox 159 2017 972 2050; baseline 0 -10"><span class='ocrx_word' id='word_1_283' title='bbox 159 2017 205 2047; x_wconf 82' lang='lat'>25)</span> <span class='ocrx_word' id='word_1_284' title='bbox 225 2023 249 2040; x_wconf 81' lang='lat' dir='ltr'>et</span> <span class='ocrx_word' id='word_1_285' title='bbox 268 2018 451 2050; x_wconf 76' lang='lat' dir='ltr'>viuificantem]</span> <span class='ocrx_word' id='word_1_286' title='bbox 471 2018 531 2044; x_wconf 79' lang='lat' dir='ltr'>haec</span> <span class='ocrx_word' id='word_1_287' title='bbox 549 2019 609 2042; x_wconf 80' lang='lat' dir='ltr'>Mel.</span> <span class='ocrx_word' id='word_1_288' title='bbox 631 2026 708 2050; x_wconf 77' lang='lat' dir='ltr'>supra</span> <span class='ocrx_word' id='word_1_289' title='bbox 726 2018 813 2042; x_wconf 66' lang='lat' dir='ltr'>lineam</span> <span class='ocrx_word' id='word_1_290' title='bbox 831 2018 972 2049; x_wconf 75' lang='lat' dir='ltr'>adscripsit.</span> 
     </span>
    </p>
   </div>
   <div class='ocr_carea' id='block_1_12' title="bbox 160 2059 1137 2161">
    <p class='ocr_par' dir='ltr' id='par_1_15' title="bbox 160 2059 1137 2161">
     <span class='ocr_line' id='line_1_44' title="bbox 160 2059 1137 2093; baseline 0 -10"><span class='ocrx_word' id='word_1_291' title='bbox 160 2060 206 2086; x_wconf 87' lang='grc'>26)</span> <span class='ocrx_word' id='word_1_292' title='bbox 227 2059 382 2090; x_wconf 85' lang='lat' dir='ltr'>Quanquam</span> <span class='ocrx_word' id='word_1_293' title='bbox 403 2061 481 2093; x_wconf 85' lang='lat' dir='ltr'>euim]</span> <span class='ocrx_word' id='word_1_294' title='bbox 501 2063 537 2085; x_wconf 78' lang='lat' dir='ltr'>sie</span> <span class='ocrx_word' id='word_1_295' title='bbox 556 2061 621 2085; x_wconf 87' lang='lat' dir='ltr'>Cod.</span> <span class='ocrx_word' id='word_1_296' title='bbox 643 2070 672 2085; x_wconf 77' lang='lat' dir='ltr'>esc</span> <span class='ocrx_word' id='word_1_297' title='bbox 690 2061 866 2085; x_wconf 82' lang='lat' dir='ltr'>Melanthonis</span> <span class='ocrx_word' id='word_1_298' title='bbox 877 2060 1049 2089; x_wconf 75' lang='lat' dir='ltr'>emendatione,</span> <span class='ocrx_word' id='word_1_299' title='bbox 1067 2067 1137 2091; x_wconf 75' lang='lat' dir='ltr'>qnam</span> 
     </span>
     <span class='ocr_line' id='line_1_45' title="bbox 228 2094 1136 2129; baseline 0.001 -12"><span class='ocrx_word' id='word_1_300' title='bbox 228 2102 303 2126; x_wconf 78' lang='lat' dir='ltr'>supra</span> <span class='ocrx_word' id='word_1_301' title='bbox 322 2096 409 2119; x_wconf 52' lang='lat' dir='ltr'>lineum</span> <span class='ocrx_word' id='word_1_302' title='bbox 429 2097 537 2129; x_wconf 53' lang='lat' dir='ltr'>scripsit,</span> <span class='ocrx_word' id='word_1_303' title='bbox 558 2100 579 2120; x_wconf 80' lang='lat' dir='ltr'>et</span> <span class='ocrx_word' id='word_1_304' title='bbox 598 2095 677 2119; x_wconf 84' lang='lat' dir='ltr'>Editt.</span> <span class='ocrx_word' id='word_1_305' title='bbox 700 2096 773 2120; x_wconf 82' lang='grc'>1-3,</span> <span class='ocrx_word' id='word_1_306' title='bbox 794 2097 832 2121; x_wconf 77' lang='grc'>8.;</span> <span class='ocrx_word' id='word_1_307' title='bbox 853 2100 911 2119; x_wconf 85' lang='lat' dir='ltr'>cett.</span> <span class='ocrx_word' id='word_1_308' title='bbox 931 2095 1012 2119; x_wconf 74' lang='lat' dir='ltr'>Editt.</span> <span class='ocrx_word' id='word_1_309' title='bbox 1032 2094 1136 2119; x_wconf 75' lang='lat' dir='ltr'>reddunt</span> 
     </span>
     <span class='ocr_line' id='line_1_46' title="bbox 224 2129 830 2161; baseline 0.005 -10"><span class='ocrx_word' id='word_1_310' title='bbox 224 2130 332 2160; x_wconf 64' lang='lat' dir='ltr'>priorem</span> <span class='ocrx_word' id='word_1_311' title='bbox 353 2129 459 2154; x_wconf 72' lang='lat' dir='ltr'>Codicis</span> <span class='ocrx_word' id='word_1_312' title='bbox 479 2131 614 2155; x_wconf 65' lang='lat' dir='ltr'>letrwnem:</span> <span class='ocrx_word' id='word_1_313' title='bbox 634 2130 667 2153; x_wconf 87' lang='lat' dir='ltr'>Et.</span> <span class='ocrx_word' id='word_1_314' title='bbox 685 2137 830 2161; x_wconf 84' lang='lat' dir='ltr'>quanquam</span> 
     </span>
    </p>
   </div>
   <div class='ocr_carea' id='block_1_13' title="bbox 156 2171 1134 2554">
    <p class='ocr_par' dir='ltr' id='par_1_16' title="bbox 158 2171 602 2204">
     <span class='ocr_line' id='line_1_47' title="bbox 158 2171 602 2204; baseline 0.007 -10"><span class='ocrx_word' id='word_1_315' title='bbox 158 2171 204 2202; x_wconf 80' lang='lat'>27)</span> <span class='ocrx_word' id='word_1_316' title='bbox 223 2172 249 2194; x_wconf 87' lang='lat' dir='ltr'>in</span> <span class='ocrx_word' id='word_1_317' title='bbox 267 2172 330 2203; x_wconf 88' lang='lat' dir='ltr'>quo]</span> <span class='ocrx_word' id='word_1_318' title='bbox 349 2172 430 2196; x_wconf 82' lang='lat' dir='ltr'>Editt.</span> <span class='ocrx_word' id='word_1_319' title='bbox 451 2174 475 2197; x_wconf 81' lang='lat'>5.</span> <span class='ocrx_word' id='word_1_320' title='bbox 496 2174 532 2196; x_wconf 85' lang='lat'>7.:</span> <span class='ocrx_word' id='word_1_321' title='bbox 552 2181 602 2204; x_wconf 79' lang='lat' dir='ltr'>quo</span> 
     </span>
    </p>

    <p class='ocr_par' dir='ltr' id='par_1_17' title="bbox 158 2213 660 2247">
     <span class='ocr_line' id='line_1_48' title="bbox 158 2213 660 2247; baseline 0.004 -10"><span class='ocrx_word' id='word_1_322' title='bbox 158 2215 204 2244; x_wconf 78' lang='lat'>28)</span> <span class='ocrx_word' id='word_1_323' title='bbox 224 2213 287 2245; x_wconf 82' lang='lat' dir='ltr'>quo]</span> <span class='ocrx_word' id='word_1_324' title='bbox 306 2215 387 2239; x_wconf 79' lang='lat' dir='ltr'>Editt.</span> <span class='ocrx_word' id='word_1_325' title='bbox 410 2216 485 2239; x_wconf 87' lang='lat'>1—3.</span> <span class='ocrx_word' id='word_1_326' title='bbox 506 2216 545 2239; x_wconf 81' lang='lat'>8.:</span> <span class='ocrx_word' id='word_1_327' title='bbox 566 2217 591 2239; x_wconf 92' lang='lat' dir='ltr'>in</span> <span class='ocrx_word' id='word_1_328' title='bbox 610 2224 660 2247; x_wconf 89' lang='lat' dir='ltr'>quo</span> 
     </span>
    </p>

    <p class='ocr_par' dir='ltr' id='par_1_18' title="bbox 157 2256 831 2289">
     <span class='ocr_line' id='line_1_49' title="bbox 157 2256 831 2289; baseline 0.003 -9"><span class='ocrx_word' id='word_1_329' title='bbox 157 2256 203 2288; x_wconf 83' lang='lat'>29)</span> <span class='ocrx_word' id='word_1_330' title='bbox 225 2258 350 2289; x_wconf 62' lang='lat' dir='ltr'>docetur]</span> <span class='ocrx_word' id='word_1_331' title='bbox 369 2259 406 2281; x_wconf 68' lang='lat' dir='ltr'>sic</span> <span class='ocrx_word' id='word_1_332' title='bbox 424 2258 505 2288; x_wconf 82' lang='lat' dir='ltr'>Cod.;</span> <span class='ocrx_word' id='word_1_333' title='bbox 526 2259 606 2283; x_wconf 82' lang='lat' dir='ltr'>Editt.</span> <span class='ocrx_word' id='word_1_334' title='bbox 626 2267 706 2283; x_wconf 85' lang='lat' dir='ltr'>omn.:</span> <span class='ocrx_word' id='word_1_335' title='bbox 728 2259 831 2288; x_wconf 80' lang='lat' dir='ltr'>dieitur,</span> 
     </span>
    </p>

    <p class='ocr_par' dir='ltr' id='par_1_19' title="bbox 156 2299 855 2333">
     <span class='ocr_line' id='line_1_50' title="bbox 156 2299 855 2333; baseline 0.001 -10"><span class='ocrx_word' id='word_1_336' title='bbox 156 2300 203 2331; x_wconf 83' lang='lat'>30)</span> <span class='ocrx_word' id='word_1_337' title='bbox 223 2299 286 2323; x_wconf 82' lang='lat' dir='ltr'>Sola</span> <span class='ocrx_word' id='word_1_338' title='bbox 304 2299 365 2333; x_wconf 85' lang='lat' dir='ltr'>fide]</span> <span class='ocrx_word' id='word_1_339' title='bbox 385 2301 465 2325; x_wconf 86' lang='lat' dir='ltr'>Editt.</span> <span class='ocrx_word' id='word_1_340' title='bbox 487 2302 561 2326; x_wconf 85' lang='lat'><strong>1—3.</strong></span> <span class='ocrx_word' id='word_1_341' title='bbox 582 2302 605 2326; x_wconf 77' lang='grc' dir='ltr'>ὁ.</span> <span class='ocrx_word' id='word_1_342' title='bbox 626 2303 649 2324; x_wconf 87' lang='grc'>7.</span> <span class='ocrx_word' id='word_1_343' title='bbox 670 2303 709 2326; x_wconf 70' lang='grc' dir='ltr'>8,ε</span> <span class='ocrx_word' id='word_1_344' title='bbox 729 2302 780 2325; x_wconf 78' lang='lat' dir='ltr'>fide</span> <span class='ocrx_word' id='word_1_345' title='bbox 799 2302 855 2325; x_wconf 79' lang='lat' dir='ltr'>sola</span> 
     </span>
    </p>

    <p class='ocr_par' dir='ltr' id='par_1_20' title="bbox 157 2342 1134 2408">
     <span class='ocr_line' id='line_1_51' title="bbox 157 2342 1134 2376; baseline 0.002 -11"><span class='ocrx_word' id='word_1_346' title='bbox 157 2342 203 2371; x_wconf 85' lang='grc'>31)</span> <span class='ocrx_word' id='word_1_347' title='bbox 223 2342 279 2366; x_wconf 67' lang='lat' dir='ltr'>Etsi</span> <span class='ocrx_word' id='word_1_348' title='bbox 300 2344 366 2366; x_wconf 82' lang='lat' dir='ltr'>enim</span> <span class='ocrx_word' id='word_1_349' title='bbox 393 2343 526 2376; x_wconf 74' lang='lat' dir='ltr'>contritio]</span> <span class='ocrx_word' id='word_1_350' title='bbox 551 2344 598 2367; x_wconf 90' lang='lat' dir='ltr'>Ed.</span> <span class='ocrx_word' id='word_1_351' title='bbox 624 2345 659 2368; x_wconf 78' lang='lat'>6.:</span> <span class='ocrx_word' id='word_1_352' title='bbox 685 2344 741 2368; x_wconf 83' lang='lat' dir='ltr'>Etsi</span> <span class='ocrx_word' id='word_1_353' title='bbox 766 2346 832 2368; x_wconf 86' lang='lat' dir='ltr'>enim</span> <span class='ocrx_word' id='word_1_354' title='bbox 857 2345 978 2368; x_wconf 82' lang='lat' dir='ltr'>contritio</span> <span class='ocrx_word' id='word_1_355' title='bbox 1004 2344 1134 2368; x_wconf 72' lang='lat' dir='ltr'>antecedit</span> 
     </span>
     <span class='ocr_line' id='line_1_52' title="bbox 230 2378 686 2408; baseline 0.004 -8"><span class='ocrx_word' id='word_1_356' title='bbox 230 2378 446 2405; x_wconf 66' lang='lat' dir='ltr'>consolationem,</span> <span class='ocrx_word' id='word_1_357' title='bbox 468 2382 492 2401; x_wconf 80' lang='lat' dir='ltr'>et</span> <span class='ocrx_word' id='word_1_358' title='bbox 511 2379 617 2402; x_wconf 75' lang='lat' dir='ltr'>dilectio</span> <span class='ocrx_word' id='word_1_359' title='bbox 637 2380 686 2408; x_wconf 84' lang='lat' dir='ltr'>dei,</span> 
     </span>
    </p>

    <p class='ocr_par' dir='ltr' id='par_1_21' title="bbox 159 2418 1134 2554">
     <span class='ocr_line' id='line_1_53' title="bbox 159 2418 1133 2453; baseline 0.002 -11"><span class='ocrx_word' id='word_1_360' title='bbox 159 2418 206 2448; x_wconf 80' lang='grc'>32)</span> <span class='ocrx_word' id='word_1_361' title='bbox 226 2421 333 2443; x_wconf 83' lang='lat' dir='ltr'>virtutes</span> <span class='ocrx_word' id='word_1_362' title='bbox 360 2435 391 2438; x_wconf 86' lang='lat'><strong>—</strong></span> <span class='ocrx_word' id='word_1_363' title='bbox 418 2428 473 2443; x_wconf 84' lang='lat' dir='ltr'>cum</span> <span class='ocrx_word' id='word_1_364' title='bbox 500 2421 549 2444; x_wconf 80' lang='lat' dir='ltr'>fide</span> <span class='ocrx_word' id='word_1_365' title='bbox 575 2435 606 2439; x_wconf 87' lang='lat'>—</span> <span class='ocrx_word' id='word_1_366' title='bbox 633 2430 688 2446; x_wconf 68' lang='lat' dir='ltr'>rum</span> <span class='ocrx_word' id='word_1_367' title='bbox 708 2420 904 2453; x_wconf 67' lang='lat' dir='ltr'>accendimini-,J</span> <span class='ocrx_word' id='word_1_368' title='bbox 923 2421 960 2445; x_wconf 75' lang='lat' dir='ltr'>ln&#39;s</span> <span class='ocrx_word' id='word_1_369' title='bbox 982 2421 1063 2445; x_wconf 77' lang='lat' dir='ltr'>verbis</span> <span class='ocrx_word' id='word_1_370' title='bbox 1082 2421 1133 2445; x_wconf 85' lang='lat' dir='ltr'>alia</span> 
     </span>
     <span class='ocr_line' id='line_1_54' title="bbox 228 2455 1134 2487; baseline 0.006 -12"><span class='ocrx_word' id='word_1_371' title='bbox 228 2462 326 2483; x_wconf 70' lang='lat' dir='ltr'>mamis,</span> <span class='ocrx_word' id='word_1_372' title='bbox 346 2463 408 2486; x_wconf 79' lang='lat' dir='ltr'>quae</span> <span class='ocrx_word' id='word_1_373' title='bbox 428 2463 473 2477; x_wconf 79' lang='lat' dir='ltr'>non</span> <span class='ocrx_word' id='word_1_374' title='bbox 492 2455 667 2479; x_wconf 71' lang='lat' dir='ltr'>Melanthonis</span> <span class='ocrx_word' id='word_1_375' title='bbox 690 2460 739 2485; x_wconf 74' lang='lat' dir='ltr'>est,</span> <span class='ocrx_word' id='word_1_376' title='bbox 762 2458 787 2480; x_wconf 73' lang='lat' dir='ltr'>in</span> <span class='ocrx_word' id='word_1_377' title='bbox 811 2456 921 2487; x_wconf 72' lang='lat' dir='ltr'>maryine</span> <span class='ocrx_word' id='word_1_378' title='bbox 944 2455 1049 2479; x_wconf 79' lang='lat' dir='ltr'>Codicis</span> <span class='ocrx_word' id='word_1_379' title='bbox 1074 2455 1134 2480; x_wconf 75' lang='lat' dir='ltr'>haec</span> 
     </span>
     <span class='ocr_line' id='line_1_55' title="bbox 228 2488 1133 2514; baseline 0.003 -4"><span class='ocrx_word' id='word_1_380' title='bbox 228 2488 367 2511; x_wconf 66' lang='lat' dir='ltr'>adnotavit:</span> <span class='ocrx_word' id='word_1_381' title='bbox 388 2490 573 2513; x_wconf 80' lang='lat' dir='ltr'>Accenduutur</span> <span class='ocrx_word' id='word_1_382' title='bbox 593 2492 699 2514; x_wconf 78' lang='lat' dir='ltr'>virtutes</span> <span class='ocrx_word' id='word_1_383' title='bbox 719 2499 776 2514; x_wconf 79' lang='lat' dir='ltr'>cum</span> <span class='ocrx_word' id='word_1_384' title='bbox 794 2492 857 2514; x_wconf 85' lang='lat' dir='ltr'>fide:</span> <span class='ocrx_word' id='word_1_385' title='bbox 883 2490 942 2514; x_wconf 89' lang='lat' dir='ltr'>Non</span> <span class='ocrx_word' id='word_1_386' title='bbox 965 2491 1133 2514; x_wconf 81' lang='lat' dir='ltr'>inueniuntur</span> 
     </span>
     <span class='ocr_line' id='line_1_56' title="bbox 228 2523 599 2554; baseline 0.008 -9"><span class='ocrx_word' id='word_1_387' title='bbox 228 2524 252 2545; x_wconf 85' lang='lat' dir='ltr'>in</span> <span class='ocrx_word' id='word_1_388' title='bbox 272 2523 434 2546; x_wconf 70' lang='lat' dir='ltr'>iustificaudo</span> <span class='ocrx_word' id='word_1_389' title='bbox 455 2529 599 2554; x_wconf 73' lang='lat' dir='ltr'>peccatore.</span> 
     </span>
    </p>
   </div>
   <div class='ocr_carea' id='block_1_14' title="bbox 158 2564 1054 2599">
    <p class='ocr_par' dir='ltr' id='par_1_22' title="bbox 158 2564 1054 2599">
     <span class='ocr_line' id='line_1_57' title="bbox 158 2564 1054 2599; baseline 0.004 -11"><span class='ocrx_word' id='word_1_390' title='bbox 158 2564 204 2595; x_wconf 73' lang='lat'>812)</span> <span class='ocrx_word' id='word_1_391' title='bbox 225 2566 317 2588; x_wconf 64' lang='lat' dir='ltr'>‹lii-itur</span> <span class='ocrx_word' id='word_1_392' title='bbox 337 2574 391 2596; x_wconf 74' lang='lat' dir='ltr'>cap.</span> <span class='ocrx_word' id='word_1_393' title='bbox 411 2565 448 2599; x_wconf 73' lang='grc'>3.]</span> <span class='ocrx_word' id='word_1_394' title='bbox 468 2567 504 2590; x_wconf 73' lang='lat' dir='ltr'>sic</span> <span class='ocrx_word' id='word_1_395' title='bbox 523 2566 604 2596; x_wconf 80' lang='lat' dir='ltr'>Cod.;</span> <span class='ocrx_word' id='word_1_396' title='bbox 626 2568 708 2593; x_wconf 78' lang='lat' dir='ltr'>Editt.</span> <span class='ocrx_word' id='word_1_397' title='bbox 729 2576 812 2593; x_wconf 82' lang='lat' dir='ltr'>omn.:</span> <span class='ocrx_word' id='word_1_398' title='bbox 833 2576 889 2599; x_wconf 77' lang='lat' dir='ltr'>cap.</span> <span class='ocrx_word' id='word_1_399' title='bbox 909 2569 932 2592; x_wconf 83' lang='lat'>3.</span> <span class='ocrx_word' id='word_1_400' title='bbox 952 2569 1054 2598; x_wconf 77' lang='lat' dir='ltr'>dicitur,</span> 
     </span>
    </p>
   </div>
   <div class='ocr_carea' id='block_1_15' title="bbox 616 91 1723 145">
    <p class='ocr_par' dir='ltr' id='par_1_23' title="bbox 616 91 1723 145">
     <span class='ocr_line' id='line_1_58' title="bbox 616 91 1723 145; baseline 0.003 -3"><span class='ocrx_word' id='word_1_401' title='bbox 616 111 727 143; x_wconf 78' lang='lat' dir='ltr'><strong>PfflL.</strong></span> <span class='ocrx_word' id='word_1_402' title='bbox 749 111 853 144; x_wconf 75' lang='lat' dir='ltr'><strong>MEL.</strong></span> <span class='ocrx_word' id='word_1_403' title='bbox 870 91 1061 143; x_wconf 67' lang='lat' dir='ltr'>&#39;SCle’TA</span> <span class='ocrx_word' id='word_1_404' title='bbox 1082 109 1352 142; x_wconf 61' lang='lat' dir='ltr'>DOGMA&#39;HCA</span> <span class='ocrx_word' id='word_1_405' title='bbox 1374 111 1430 143; x_wconf 86' lang='lat' dir='ltr'>ET</span> <span class='ocrx_word' id='word_1_406' title='bbox 1454 111 1723 145; x_wconf 67' lang='lat' dir='ltr'>stfloLch.</span> 
     </span>
    </p>
   </div>
   <div class='ocr_carea' id='block_1_16' title="bbox 2107 115 2171 148">
    <p class='ocr_par' dir='ltr' id='par_1_24' title="bbox 2107 115 2171 148">
     <span class='ocr_line' id='line_1_59' title="bbox 2107 115 2171 148; baseline 0.016 -1"><span class='ocrx_word' id='word_1_407' title='bbox 2107 115 2171 148; x_wconf 70' lang='lat' dir='ltr'>3s8</span> 
     </span>
    </p>
   </div>
   <div class='ocr_carea' id='block_1_17' title="bbox 1159 203 2171 1909">
    <p class='ocr_par' dir='ltr' id='par_1_25' title="bbox 1162 203 2171 1354">
     <span class='ocr_line' id='line_1_60' title="bbox 1166 203 2171 252; baseline 0.006 -18"><span class='ocrx_word' id='word_1_408' title='bbox 1166 203 1171 252; x_wconf 73' lang='grc'>1</span> <span class='ocrx_word' id='word_1_409' title='bbox 1196 206 1447 245; x_wconf 84' lang='lat' dir='ltr'>expauescimus</span> <span class='ocrx_word' id='word_1_410' title='bbox 1471 207 1637 247; x_wconf 87' lang='lat' dir='ltr'>agnitione</span> <span class='ocrx_word' id='word_1_411' title='bbox 1660 207 1730 237; x_wconf 83' lang='lat' dir='ltr'>irae</span> <span class='ocrx_word' id='word_1_412' title='bbox 1751 207 1814 243; x_wconf 86' lang='lat' dir='ltr'>dei,</span> <span class='ocrx_word' id='word_1_413' title='bbox 1837 206 1920 238; x_wconf 83' lang='lat' dir='ltr'>haec</span> <span class='ocrx_word' id='word_1_414' title='bbox 1930 218 1996 239; x_wconf 79' lang='lat' dir='ltr'>vna</span> <span class='ocrx_word' id='word_1_415' title='bbox 2008 214 2058 239; x_wconf 86' lang='lat' dir='ltr'>est</span> <span class='ocrx_word' id='word_1_416' title='bbox 2076 209 2171 241; x_wconf 77' lang='lat' dir='ltr'>firma</span> 
     </span>
     <span class='ocr_line' id='line_1_61' title="bbox 1195 246 2169 292; baseline 0.005 -15"><span class='ocrx_word' id='word_1_417' title='bbox 1195 246 1390 285; x_wconf 83' lang='lat' dir='ltr'>consolatio,</span> <span class='ocrx_word' id='word_1_418' title='bbox 1413 247 1592 290; x_wconf 84' lang='lat' dir='ltr'>confugere</span> <span class='ocrx_word' id='word_1_419' title='bbox 1615 249 1657 280; x_wconf 90' lang='lat' dir='ltr'>ad</span> <span class='ocrx_word' id='word_1_420' title='bbox 1681 248 1781 280; x_wconf 89' lang='lat' dir='ltr'>filium</span> <span class='ocrx_word' id='word_1_421' title='bbox 1804 250 1867 287; x_wconf 90' lang='lat' dir='ltr'>dei,</span> <span class='ocrx_word' id='word_1_422' title='bbox 1890 250 1945 291; x_wconf 88' lang='lat' dir='ltr'>qui</span> <span class='ocrx_word' id='word_1_423' title='bbox 1963 252 2074 292; x_wconf 90' lang='lat' dir='ltr'>inquit.</span> <span class='ocrx_word' id='word_1_424' title='bbox 2106 251 2169 283; x_wconf 90' lang='lat' dir='ltr'>Ve-</span> 
     </span>
     <span class='ocr_line' id='line_1_62' title="bbox 1194 289 2170 333; baseline 0.006 -14"><span class='ocrx_word' id='word_1_425' title='bbox 1194 289 1260 320; x_wconf 82' lang='lat' dir='ltr'>nite</span> <span class='ocrx_word' id='word_1_426' title='bbox 1286 290 1328 320; x_wconf 90' lang='lat' dir='ltr'>ad</span> <span class='ocrx_word' id='word_1_427' title='bbox 1357 300 1409 321; x_wconf 91' lang='lat' dir='ltr'>me</span> <span class='ocrx_word' id='word_1_428' title='bbox 1439 301 1555 322; x_wconf 84' lang='lat' dir='ltr'>omnes</span> <span class='ocrx_word' id='word_1_429' title='bbox 1584 292 1638 332; x_wconf 91' lang='lat' dir='ltr'>qui</span> <span class='ocrx_word' id='word_1_430' title='bbox 1671 290 1831 322; x_wconf 73' lang='lat' dir='ltr'>laboratis</span> <span class='ocrx_word' id='word_1_431' title='bbox 1865 300 1897 323; x_wconf 87' lang='lat' dir='ltr'>et</span> <span class='ocrx_word' id='word_1_432' title='bbox 1925 295 2051 324; x_wconf 89' lang='lat' dir='ltr'>onerati</span> <span class='ocrx_word' id='word_1_433' title='bbox 2076 295 2170 333; x_wconf 87' lang='lat' dir='ltr'>estis,</span> 
     </span>
     <span class='ocr_line' id='line_1_63' title="bbox 1195 332 2170 376; baseline 0.006 -14"><span class='ocrx_word' id='word_1_434' title='bbox 1195 337 1226 362; x_wconf 89' lang='lat' dir='ltr'>et</span> <span class='ocrx_word' id='word_1_435' title='bbox 1242 333 1293 370; x_wconf 74' lang='lat'>³⁴)</span> <span class='ocrx_word' id='word_1_436' title='bbox 1318 341 1381 373; x_wconf 84' lang='lat' dir='ltr'>ego</span> <span class='ocrx_word' id='word_1_437' title='bbox 1404 332 1548 365; x_wconf 84' lang='lat' dir='ltr'>reficiam</span> <span class='ocrx_word' id='word_1_438' title='bbox 1572 345 1644 365; x_wconf 87' lang='lat' dir='ltr'>vos.</span> <span class='ocrx_word' id='word_1_439' title='bbox 1679 334 1759 365; x_wconf 87' lang='lat' dir='ltr'>ltem</span> <span class='ocrx_word' id='word_1_440' title='bbox 1775 334 1861 366; x_wconf 86' lang='lat' dir='ltr'>Viuo</span> <span class='ocrx_word' id='word_1_441' title='bbox 1885 344 1960 376; x_wconf 82' lang='lat' dir='ltr'>ego,</span> <span class='ocrx_word' id='word_1_442' title='bbox 1983 335 2062 367; x_wconf 75' lang='lat' dir='ltr'>nolo</span> <span class='ocrx_word' id='word_1_443' title='bbox 2084 347 2170 368; x_wconf 89' lang='lat' dir='ltr'>mor·</span> 
     </span>
     <span class='ocr_line' id='line_1_64' title="bbox 1194 376 2170 415; baseline 0.007 -11"><span class='ocrx_word' id='word_1_444' title='bbox 1194 380 1260 405; x_wconf 87' lang='lat' dir='ltr'>tem</span> <span class='ocrx_word' id='word_1_445' title='bbox 1282 376 1484 415; x_wconf 87' lang='lat' dir='ltr'>peccatoris,</span> <span class='ocrx_word' id='word_1_446' title='bbox 1508 376 1575 408; x_wconf 90' lang='lat' dir='ltr'>Sed</span> <span class='ocrx_word' id='word_1_447' title='bbox 1598 382 1633 408; x_wconf 90' lang='lat' dir='ltr'>ut</span> <span class='ocrx_word' id='word_1_448' title='bbox 1656 383 1868 409; x_wconf 88' lang='lat' dir='ltr'>conuertatur</span> <span class='ocrx_word' id='word_1_449' title='bbox 1887 385 1920 409; x_wconf 84' lang='lat' dir='ltr'>et</span> <span class='ocrx_word' id='word_1_450' title='bbox 1943 379 2043 410; x_wconf 89' lang='lat' dir='ltr'>uiuat.</span> <span class='ocrx_word' id='word_1_451' title='bbox 2090 379 2170 410; x_wconf 78' lang='lat' dir='ltr'>Item</span> 
     </span>
     <span class='ocr_line' id='line_1_65' title="bbox 1195 416 2169 460; baseline 0.006 -13"><span class='ocrx_word' id='word_1_452' title='bbox 1195 416 1309 448; x_wconf 81' lang='lat' dir='ltr'>Gratia</span> <span class='ocrx_word' id='word_1_453' title='bbox 1333 419 1491 449; x_wconf 76' lang='lat' dir='ltr'>exuberat</span> <span class='ocrx_word' id='word_1_454' title='bbox 1514 430 1614 460; x_wconf 86' lang='lat' dir='ltr'>supra</span> <span class='ocrx_word' id='word_1_455' title='bbox 1636 425 1819 459; x_wconf 88' lang='lat' dir='ltr'>peccatum.</span> <span class='ocrx_word' id='word_1_456' title='bbox 1865 421 1899 451; x_wconf 94' lang='lat' dir='ltr'>ln</span> <span class='ocrx_word' id='word_1_457' title='bbox 1922 421 1973 451; x_wconf 91' lang='lat' dir='ltr'>his</span> <span class='ocrx_word' id='word_1_458' title='bbox 1996 420 2169 453; x_wconf 88' lang='lat' dir='ltr'>doloribus</span> 
     </span>
     <span class='ocr_line' id='line_1_66' title="bbox 1194 460 2169 499; baseline 0.006 -10"><span class='ocrx_word' id='word_1_459' title='bbox 1194 460 1221 490; x_wconf 86' lang='lat' dir='ltr'>si</span> <span class='ocrx_word' id='word_1_460' title='bbox 1245 460 1433 499; x_wconf 52' lang='lat' dir='ltr'>doeeasw)</span> <span class='ocrx_word' id='word_1_461' title='bbox 1456 461 1632 499; x_wconf 89' lang='lat' dir='ltr'>hominem,</span> <span class='ocrx_word' id='word_1_462' title='bbox 1656 462 1869 494; x_wconf 82' lang='lat' dir='ltr'>dubitandum</span> <span class='ocrx_word' id='word_1_463' title='bbox 1891 473 1967 494; x_wconf 85' lang='lat' dir='ltr'>esse</span> <span class='ocrx_word' id='word_1_464' title='bbox 1992 465 2033 495; x_wconf 93' lang='lat' dir='ltr'>de</span> <span class='ocrx_word' id='word_1_465' title='bbox 2054 465 2169 495; x_wconf 74' lang='lat' dir='ltr'>remis-</span> 
     </span>
     <span class='ocr_line' id='line_1_67' title="bbox 1193 502 2169 547; baseline 0.006 -15"><span class='ocrx_word' id='word_1_466' title='bbox 1193 502 1287 533; x_wconf 88' lang='lat' dir='ltr'>sione</span> <span class='ocrx_word' id='word_1_467' title='bbox 1309 509 1530 542; x_wconf 84' lang='lat' dir='ltr'>peccatorum,</span> <span class='ocrx_word' id='word_1_468' title='bbox 1553 505 1662 535; x_wconf 90' lang='lat' dir='ltr'>vincet</span> <span class='ocrx_word' id='word_1_469' title='bbox 1685 504 1780 536; x_wconf 91' lang='lat' dir='ltr'>dolor</span> <span class='ocrx_word' id='word_1_470' title='bbox 1802 511 1834 535; x_wconf 87' lang='lat' dir='ltr'>et</span> <span class='ocrx_word' id='word_1_471' title='bbox 1853 513 2032 547; x_wconf 86' lang='lat' dir='ltr'>sequentur</span> <span class='ocrx_word' id='word_1_472' title='bbox 2049 508 2169 538; x_wconf 86' lang='lat' dir='ltr'>tristis-</span> 
     </span>
     <span class='ocr_line' id='line_1_68' title="bbox 1193 543 2169 588; baseline 0.007 -14"><span class='ocrx_word' id='word_1_473' title='bbox 1193 545 1266 575; x_wconf 82' lang='lat' dir='ltr'>simi</span> <span class='ocrx_word' id='word_1_474' title='bbox 1289 543 1438 576; x_wconf 80' lang='lat' dir='ltr'>fremitus</span> <span class='ocrx_word' id='word_1_475' title='bbox 1461 547 1623 578; x_wconf 79' lang='lat' dir='ltr'>aduersus</span> <span class='ocrx_word' id='word_1_476' title='bbox 1644 548 1750 581; x_wconf 52' lang='lat' dir='ltr'>deum,</span> <span class='ocrx_word' id='word_1_477' title='bbox 1772 553 1804 578; x_wconf 89' lang='lat' dir='ltr'>et</span> <span class='ocrx_word' id='word_1_478' title='bbox 1827 548 2015 588; x_wconf 83' lang='lat' dir='ltr'>desperatio</span> <span class='ocrx_word' id='word_1_479' title='bbox 2033 555 2067 581; x_wconf 89' lang='lat' dir='ltr'>et</span> <span class='ocrx_word' id='word_1_480' title='bbox 2078 560 2169 581; x_wconf 83' lang='lat' dir='ltr'>mors</span> 
     </span>
     <span class='ocr_line' id='line_1_69' title="bbox 1193 588 2170 629; baseline 0.006 -11"><span class='ocrx_word' id='word_1_481' title='bbox 1193 593 1338 618; x_wconf 80' lang='lat' dir='ltr'>aeterna.</span> <span class='ocrx_word' id='word_1_482' title='bbox 1383 588 1451 619; x_wconf 87' lang='lat' dir='ltr'>Sed</span> <span class='ocrx_word' id='word_1_483' title='bbox 1473 590 1501 620; x_wconf 89' lang='lat' dir='ltr'>si</span> <span class='ocrx_word' id='word_1_484' title='bbox 1524 590 1646 621; x_wconf 84' lang='lat' dir='ltr'>doceas</span> <span class='ocrx_word' id='word_1_485' title='bbox 1672 590 1737 621; x_wconf 90' lang='lat' dir='ltr'>fide</span> <span class='ocrx_word' id='word_1_486' title='bbox 1766 590 1845 628; x_wconf 83' lang='lat' dir='ltr'>[fol.</span> <span class='ocrx_word' id='word_1_487' title='bbox 1869 591 1946 629; x_wconf 75' lang='lat'>27¹²]</span> <span class='ocrx_word' id='word_1_488' title='bbox 1973 592 2170 624; x_wconf 87' lang='lat' dir='ltr'>vincendam</span> 
     </span>
     <span class='ocr_line' id='line_1_70' title="bbox 1166 630 2169 678; baseline 0.007 -19"><span class='ocrx_word' id='word_1_489' title='bbox 1166 632 1170 678; x_wconf 62' lang='grc' dir='ltr'>Ι</span> <span class='ocrx_word' id='word_1_490' title='bbox 1195 639 1273 660; x_wconf 86' lang='lat' dir='ltr'>esse</span> <span class='ocrx_word' id='word_1_491' title='bbox 1285 630 1531 666; x_wconf 87' lang='lat' dir='ltr'>dubitationem,</span> <span class='ocrx_word' id='word_1_492' title='bbox 1554 632 1716 674; x_wconf 82' lang='lat' dir='ltr'>intelliget</span> <span class='ocrx_word' id='word_1_493' title='bbox 1738 634 1801 664; x_wconf 90' lang='lat' dir='ltr'>iam</span> <span class='ocrx_word' id='word_1_494' title='bbox 1817 632 1981 665; x_wconf 85' lang='lat' dir='ltr'>vocabulo</span> <span class='ocrx_word' id='word_1_495' title='bbox 1994 634 2080 672; x_wconf 85' lang='lat' dir='ltr'>fidei,</span> <span class='ocrx_word' id='word_1_496' title='bbox 2102 644 2169 666; x_wconf 87' lang='lat' dir='ltr'>non</span> 
     </span>
     <span class='ocr_line' id='line_1_71' title="bbox 1162 673 2168 718; baseline 0.006 -16"><span class='ocrx_word' id='word_1_497' title='bbox 1162 687 1168 697; x_wconf 71' lang='grc' dir='ltr'><em>ι</em></span> <span class='ocrx_word' id='word_1_498' title='bbox 1195 678 1320 703; x_wconf 89' lang='lat' dir='ltr'>tantum</span> <span class='ocrx_word' id='word_1_499' title='bbox 1334 673 1513 714; x_wconf 85' lang='lat' dir='ltr'>significari</span> <span class='ocrx_word' id='word_1_500' title='bbox 1536 676 1689 706; x_wconf 82' lang='lat' dir='ltr'>noticiam</span> <span class='ocrx_word' id='word_1_501' title='bbox 1710 676 1878 714; x_wconf 75' lang='lat' dir='ltr'>historiae,</span> <span class='ocrx_word' id='word_1_502' title='bbox 1901 675 2066 718; x_wconf 86' lang='lat' dir='ltr'>intelliget</span> <span class='ocrx_word' id='word_1_503' title='bbox 2087 677 2168 708; x_wconf 91' lang='lat' dir='ltr'>fidu-</span> 
     </span>
     <span class='ocr_line' id='line_1_72' title="bbox 1164 698 2169 760; baseline 0.007 -16"><span class='ocrx_word' id='word_1_504' title='bbox 1164 698 1170 753; x_wconf 79' lang='lat'>]</span> <span class='ocrx_word' id='word_1_505' title='bbox 1195 716 1278 746; x_wconf 89' lang='lat' dir='ltr'>ciam</span> <span class='ocrx_word' id='word_1_506' title='bbox 1301 715 1358 746; x_wconf 84' lang='lat' dir='ltr'>niti</span> <span class='ocrx_word' id='word_1_507' title='bbox 1381 714 1455 747; x_wconf 84' lang='lat' dir='ltr'>solo</span> <span class='ocrx_word' id='word_1_508' title='bbox 1468 716 1664 756; x_wconf 83' lang='lat' dir='ltr'>Mediatore,</span> <span class='ocrx_word' id='word_1_509' title='bbox 1686 717 1859 760; x_wconf 82' lang='lat' dir='ltr'>intelliget,</span> <span class='ocrx_word' id='word_1_510' title='bbox 1882 719 1959 760; x_wconf 91' lang='lat' dir='ltr'>quid</span> <span class='ocrx_word' id='word_1_511' title='bbox 1983 720 2113 751; x_wconf 88' lang='lat' dir='ltr'>dicatur</span> <span class='ocrx_word' id='word_1_512' title='bbox 2134 721 2169 751; x_wconf 90' lang='lat' dir='ltr'>in</span> 
     </span>
     <span class='ocr_line' id='line_1_73' title="bbox 1194 757 2169 801; baseline 0.007 -14"><span class='ocrx_word' id='word_1_513' title='bbox 1194 757 1245 788; x_wconf 89' lang='lat' dir='ltr'>his</span> <span class='ocrx_word' id='word_1_514' title='bbox 1268 759 1395 788; x_wconf 88' lang='lat' dir='ltr'>verbis:</span> <span class='ocrx_word' id='word_1_515' title='bbox 1419 761 1523 798; x_wconf 82' lang='lat' dir='ltr'>gratis</span> <span class='ocrx_word' id='word_1_516' title='bbox 1547 767 1681 801; x_wconf 89' lang='lat' dir='ltr'>propter</span> <span class='ocrx_word' id='word_1_517' title='bbox 1693 760 1919 800; x_wconf 86' lang='lat' dir='ltr'>Mediatorem,</span> <span class='ocrx_word' id='word_1_518' title='bbox 1938 761 2010 793; x_wconf 83' lang='lat' dir='ltr'>sola</span> <span class='ocrx_word' id='word_1_519' title='bbox 2032 762 2098 794; x_wconf 88' lang='lat' dir='ltr'>fide</span> <span class='ocrx_word' id='word_1_520' title='bbox 2115 772 2169 794; x_wconf 86' lang='lat' dir='ltr'>ac-</span> 
     </span>
     <span class='ocr_line' id='line_1_74' title="bbox 1166 801 1854 843; baseline 0.003 -11"><span class='ocrx_word' id='word_1_521' title='bbox 1166 814 1170 842; x_wconf 59' lang='lat'><em>,</em></span> <span class='ocrx_word' id='word_1_522' title='bbox 1195 801 1314 841; x_wconf 85' lang='lat' dir='ltr'>cipitur</span> <span class='ocrx_word' id='word_1_523' title='bbox 1338 801 1487 832; x_wconf 74' lang='lat' dir='ltr'>remissio</span> <span class='ocrx_word' id='word_1_524' title='bbox 1512 808 1544 833; x_wconf 91' lang='lat' dir='ltr'>et</span> <span class='ocrx_word' id='word_1_525' title='bbox 1567 802 1677 843; x_wconf 89' lang='lat' dir='ltr'>placet</span> <span class='ocrx_word' id='word_1_526' title='bbox 1698 813 1854 843; x_wconf 86' lang='lat' dir='ltr'>persona.</span> 
     </span>
     <span class='ocr_line' id='line_1_75' title="bbox 1167 842 2169 888; baseline 0.006 -15"><span class='ocrx_word' id='word_1_527' title='bbox 1167 858 1171 879; x_wconf 72' lang='lat'>1</span> <span class='ocrx_word' id='word_1_528' title='bbox 1281 842 1372 874; x_wconf 79' lang='lat' dir='ltr'>Haec</span> <span class='ocrx_word' id='word_1_529' title='bbox 1395 843 1484 875; x_wconf 85' lang='lat' dir='ltr'>lucta</span> <span class='ocrx_word' id='word_1_530' title='bbox 1502 846 1654 875; x_wconf 89' lang='lat' dir='ltr'>omnibus</span> <span class='ocrx_word' id='word_1_531' title='bbox 1672 847 1875 886; x_wconf 68' lang='lat' dir='ltr'>temporibus</span> <span class='ocrx_word' id='word_1_532' title='bbox 1886 845 2016 888; x_wconf 86' lang='lat' dir='ltr'>aliquos</span> <span class='ocrx_word' id='word_1_533' title='bbox 2038 848 2169 888; x_wconf 89' lang='lat' dir='ltr'>erudijt,</span> 
     </span>
     <span class='ocr_line' id='line_1_76' title="bbox 1167 882 2169 932; baseline 0.005 -16"><span class='ocrx_word' id='word_1_534' title='bbox 1167 882 1170 928; x_wconf 64' lang='lat' dir='ltr'>i</span> <span class='ocrx_word' id='word_1_535' title='bbox 1194 892 1229 917; x_wconf 89' lang='lat' dir='ltr'>ut</span> <span class='ocrx_word' id='word_1_536' title='bbox 1252 886 1314 917; x_wconf 85' lang='lat' dir='ltr'>has</span> <span class='ocrx_word' id='word_1_537' title='bbox 1338 896 1435 917; x_wconf 67' lang='lat' dir='ltr'>veras</span> <span class='ocrx_word' id='word_1_538' title='bbox 1466 886 1712 919; x_wconf 87' lang='lat' dir='ltr'>consolationes</span> <span class='ocrx_word' id='word_1_539' title='bbox 1743 887 1853 930; x_wconf 87' lang='lat' dir='ltr'>aliquo</span> <span class='ocrx_word' id='word_1_540' title='bbox 1879 891 1977 920; x_wconf 89' lang='lat' dir='ltr'>modo</span> <span class='ocrx_word' id='word_1_541' title='bbox 2006 889 2169 932; x_wconf 81' lang='lat' dir='ltr'>intellige-</span> 
     </span>
     <span class='ocr_line' id='line_1_77' title="bbox 1195 928 2170 973; baseline 0.004 -14"><span class='ocrx_word' id='word_1_542' title='bbox 1195 937 1278 959; x_wconf 86' lang='lat' dir='ltr'>rent.</span> <span class='ocrx_word' id='word_1_543' title='bbox 1325 928 1396 960; x_wconf 77' lang='lat' dir='ltr'>Etsi</span> <span class='ocrx_word' id='word_1_544' title='bbox 1426 930 1510 961; x_wconf 88' lang='lat' dir='ltr'>enim</span> <span class='ocrx_word' id='word_1_545' title='bbox 1539 930 1701 971; x_wconf 86' lang='lat' dir='ltr'>Origenes</span> <span class='ocrx_word' id='word_1_546' title='bbox 1736 937 1768 961; x_wconf 91' lang='lat' dir='ltr'>et</span> <span class='ocrx_word' id='word_1_547' title='bbox 1801 930 1893 962; x_wconf 89' lang='lat' dir='ltr'>multi</span> <span class='ocrx_word' id='word_1_548' title='bbox 1928 932 2112 973; x_wconf 87' lang='lat' dir='ltr'>scriptores</span> <span class='ocrx_word' id='word_1_549' title='bbox 2136 938 2170 964; x_wconf 90' lang='lat' dir='ltr'>et</span> 
     </span>
     <span class='ocr_line' id='line_1_78' title="bbox 1194 971 2169 1015; baseline 0.005 -14"><span class='ocrx_word' id='word_1_550' title='bbox 1194 972 1397 1013; x_wconf 85' lang='lat' dir='ltr'>sententiarij</span> <span class='ocrx_word' id='word_1_551' title='bbox 1433 971 1522 1004; x_wconf 84' lang='lat' dir='ltr'>aliud</span> <span class='ocrx_word' id='word_1_552' title='bbox 1556 983 1661 1015; x_wconf 79' lang='lat' dir='ltr'>genus</span> <span class='ocrx_word' id='word_1_553' title='bbox 1701 974 1870 1005; x_wconf 87' lang='lat' dir='ltr'>doctrinae</span> <span class='ocrx_word' id='word_1_554' title='bbox 1899 975 2169 1013; x_wconf 81' lang='lat' dir='ltr'>insincerum³⁶)</span> 
     </span>
     <span class='ocr_line' id='line_1_79' title="bbox 1165 994 2169 1059; baseline 0.006 -16"><span class='ocrx_word' id='word_1_555' title='bbox 1165 994 1169 1043; x_wconf 82' lang='lat' dir='ltr'>l</span> <span class='ocrx_word' id='word_1_556' title='bbox 1194 1021 1406 1055; x_wconf 83' lang='lat' dir='ltr'>pepererunt,</span> <span class='ocrx_word' id='word_1_557' title='bbox 1430 1020 1539 1046; x_wconf 88' lang='lat' dir='ltr'>tamen</span> <span class='ocrx_word' id='word_1_558' title='bbox 1562 1018 1593 1047; x_wconf 82' lang='lat' dir='ltr'>in</span> <span class='ocrx_word' id='word_1_559' title='bbox 1607 1017 1795 1057; x_wconf 81' lang='lat' dir='ltr'>Augustino</span> <span class='ocrx_word' id='word_1_560' title='bbox 1806 1018 1858 1053; x_wconf 76' lang='grc'>37)</span> <span class='ocrx_word' id='word_1_561' title='bbox 1882 1022 1914 1048; x_wconf 88' lang='lat' dir='ltr'>et</span> <span class='ocrx_word' id='word_1_562' title='bbox 1936 1017 2012 1057; x_wconf 82' lang='lat' dir='ltr'>alijs</span> <span class='ocrx_word' id='word_1_563' title='bbox 2035 1018 2169 1059; x_wconf 90' lang='lat' dir='ltr'>quibus-</span> 
     </span>
     <span class='ocr_line' id='line_1_80' title="bbox 1164 1056 2168 1100; baseline 0.005 -12.995"><span class='ocrx_word' id='word_1_564' title='bbox 1164 1080 1166 1097; x_wconf 83' lang='grc'>,</span> <span class='ocrx_word' id='word_1_565' title='bbox 1194 1058 1268 1087; x_wconf 81' lang='lat' dir='ltr'>dam</span> <span class='ocrx_word' id='word_1_566' title='bbox 1292 1056 1449 1098; x_wconf 84' lang='lat' dir='ltr'>leguntur</span> <span class='ocrx_word' id='word_1_567' title='bbox 1472 1059 1571 1096; x_wconf 76' lang='lat' dir='ltr'>dicta,</span> <span class='ocrx_word' id='word_1_568' title='bbox 1594 1069 1679 1100; x_wconf 86' lang='lat' dir='ltr'>quae</span> <span class='ocrx_word' id='word_1_569' title='bbox 1703 1060 1881 1091; x_wconf 83' lang='lat' dir='ltr'>ostendunt</span> <span class='ocrx_word' id='word_1_570' title='bbox 1899 1070 1959 1091; x_wconf 89' lang='lat' dir='ltr'>eos</span> <span class='ocrx_word' id='word_1_571' title='bbox 1973 1071 2014 1091; x_wconf 88' lang='lat' dir='ltr'>ex</span> <span class='ocrx_word' id='word_1_572' title='bbox 2036 1061 2089 1091; x_wconf 91' lang='lat' dir='ltr'>his</span> <span class='ocrx_word' id='word_1_573' title='bbox 2115 1071 2168 1092; x_wconf 90' lang='lat' dir='ltr'>ve-</span> 
     </span>
     <span class='ocr_line' id='line_1_81' title="bbox 1193 1098 2169 1138; baseline 0.005 -9"><span class='ocrx_word' id='word_1_574' title='bbox 1193 1100 1238 1130; x_wconf 86' lang='lat' dir='ltr'>ris</span> <span class='ocrx_word' id='word_1_575' title='bbox 1267 1098 1412 1130; x_wconf 74' lang='lat' dir='ltr'>fontibus</span> <span class='ocrx_word' id='word_1_576' title='bbox 1436 1102 1531 1132; x_wconf 79' lang='lat' dir='ltr'>etiam</span> <span class='ocrx_word' id='word_1_577' title='bbox 1561 1101 1716 1133; x_wconf 86' lang='lat' dir='ltr'>hausisse</span> <span class='ocrx_word' id='word_1_578' title='bbox 1742 1101 2000 1134; x_wconf 78' lang='lat' dir='ltr'>consolationes.</span> <span class='ocrx_word' id='word_1_579' title='bbox 2047 1103 2169 1138; x_wconf 88' lang='lat' dir='ltr'>Quam-</span> 
     </span>
     <span class='ocr_line' id='line_1_82' title="bbox 1163 1144 2168 1187; baseline 0.005 -15"><span class='ocrx_word' id='word_1_580' title='bbox 1163 1145 1165 1187; x_wconf 49' lang='grc' dir='ltr'>ᾗ</span> <span class='ocrx_word' id='word_1_581' title='bbox 1191 1152 1289 1183; x_wconf 90' lang='lat' dir='ltr'>quam</span> <span class='ocrx_word' id='word_1_582' title='bbox 1322 1149 1429 1174; x_wconf 85' lang='lat' dir='ltr'>autem</span> <span class='ocrx_word' id='word_1_583' title='bbox 1470 1144 1549 1182; x_wconf 81' lang='lat' dir='ltr'>[fol.</span> <span class='ocrx_word' id='word_1_584' title='bbox 1584 1144 1664 1183; x_wconf 68' lang='lat'>⁶28³]</span> <span class='ocrx_word' id='word_1_585' title='bbox 1705 1145 1867 1176; x_wconf 85' lang='lat' dir='ltr'>interdum</span> <span class='ocrx_word' id='word_1_586' title='bbox 1900 1146 2078 1186; x_wconf 87' lang='lat' dir='ltr'>improprie</span> <span class='ocrx_word' id='word_1_587' title='bbox 2119 1145 2168 1177; x_wconf 91' lang='lat' dir='ltr'>lo-</span> 
     </span>
     <span class='ocr_line' id='line_1_83' title="bbox 1164 1186 2167 1230; baseline 0.002 -13"><span class='ocrx_word' id='word_1_588' title='bbox 1164 1196 1165 1217; x_wconf 47' lang='lat'>}</span> <span class='ocrx_word' id='word_1_589' title='bbox 1191 1191 1353 1226; x_wconf 79' lang='lat' dir='ltr'>quuntur,</span> <span class='ocrx_word' id='word_1_590' title='bbox 1386 1194 1441 1217; x_wconf 85' lang='lat' dir='ltr'>aut</span> <span class='ocrx_word' id='word_1_591' title='bbox 1475 1186 1644 1218; x_wconf 76' lang='lat' dir='ltr'>dissimilia</span> <span class='ocrx_word' id='word_1_592' title='bbox 1668 1188 1798 1225; x_wconf 77' lang='lat' dir='ltr'>dicunt,</span> <span class='ocrx_word' id='word_1_593' title='bbox 1831 1188 1906 1228; x_wconf 86' lang='lat' dir='ltr'>quia</span> <span class='ocrx_word' id='word_1_594' title='bbox 1937 1189 1969 1219; x_wconf 88' lang='lat' dir='ltr'>in</span> <span class='ocrx_word' id='word_1_595' title='bbox 1999 1188 2167 1230; x_wconf 85' lang='lat' dir='ltr'>loquendo</span> 
     </span>
     <span class='ocr_line' id='line_1_84' title="bbox 1191 1226 2168 1272; baseline 0.004 -14"><span class='ocrx_word' id='word_1_596' title='bbox 1191 1226 1448 1268; x_wconf 82' lang='lat' dir='ltr'>negligentiores</span> <span class='ocrx_word' id='word_1_597' title='bbox 1481 1229 1630 1267; x_wconf 86' lang='lat' dir='ltr'>suerunt,</span> <span class='ocrx_word' id='word_1_598' title='bbox 1663 1236 1772 1260; x_wconf 84' lang='lat' dir='ltr'>tamen</span> <span class='ocrx_word' id='word_1_599' title='bbox 1806 1240 1890 1272; x_wconf 86' lang='lat' dir='ltr'>quae</span> <span class='ocrx_word' id='word_1_600' title='bbox 1923 1229 2021 1262; x_wconf 81' lang='lat' dir='ltr'>fuerit</span> <span class='ocrx_word' id='word_1_601' title='bbox 2054 1241 2168 1262; x_wconf 90' lang='lat' dir='ltr'>eorum</span> 
     </span>
     <span class='ocr_line' id='line_1_85' title="bbox 1191 1272 2168 1312; baseline 0.005 -12"><span class='ocrx_word' id='word_1_602' title='bbox 1191 1276 1350 1310; x_wconf 86' lang='lat' dir='ltr'>perpetua</span> <span class='ocrx_word' id='word_1_603' title='bbox 1386 1272 1566 1310; x_wconf 84' lang='lat' dir='ltr'>sententia,</span> <span class='ocrx_word' id='word_1_604' title='bbox 1606 1273 1635 1302; x_wconf 88' lang='lat' dir='ltr'>si</span> <span class='ocrx_word' id='word_1_605' title='bbox 1669 1272 1784 1303; x_wconf 84' lang='lat' dir='ltr'>dextre</span> <span class='ocrx_word' id='word_1_606' title='bbox 1819 1273 1967 1304; x_wconf 84' lang='lat' dir='ltr'>iudicare</span> <span class='ocrx_word' id='word_1_607' title='bbox 2001 1273 2168 1312; x_wconf 76' lang='lat' dir='ltr'>uolumuS‚</span> 
     </span>
     <span class='ocr_line' id='line_1_86' title="bbox 1191 1313 1550 1354; baseline 0.006 -12"><span class='ocrx_word' id='word_1_608' title='bbox 1191 1313 1407 1343; x_wconf 83' lang='lat' dir='ltr'>animaduerti</span> <span class='ocrx_word' id='word_1_609' title='bbox 1429 1320 1550 1354; x_wconf 86' lang='lat' dir='ltr'>potest.</span> 
     </span>
    </p>

    <p class='ocr_par' dir='ltr' id='par_1_26' title="bbox 1159 1355 2170 1909">
     <span class='ocr_line' id='line_1_87' title="bbox 1276 1355 2170 1399; baseline 0.004 -13"><span class='ocrx_word' id='word_1_610' title='bbox 1276 1355 1485 1397; x_wconf 77' lang='lat' dir='ltr'>Augustinus</span> <span class='ocrx_word' id='word_1_611' title='bbox 1508 1358 1540 1387; x_wconf 93' lang='lat' dir='ltr'>in</span> <span class='ocrx_word' id='word_1_612' title='bbox 1563 1355 1693 1397; x_wconf 85' lang='lat' dir='ltr'>psalmo</span> <span class='ocrx_word' id='word_1_613' title='bbox 1720 1357 1826 1396; x_wconf 73' lang='lat'><strong>31³⁸)</strong></span> <span class='ocrx_word' id='word_1_614' title='bbox 1850 1359 1968 1399; x_wconf 88' lang='lat' dir='ltr'>inquit,</span> <span class='ocrx_word' id='word_1_615' title='bbox 1999 1358 2062 1394; x_wconf 83' lang='lat' dir='ltr'>Qui</span> <span class='ocrx_word' id='word_1_616' title='bbox 2091 1363 2170 1390; x_wconf 78' lang='lat' dir='ltr'>sunt</span> 
     </span>
     <span class='ocr_line' id='line_1_88' title="bbox 1191 1398 2168 1441; baseline 0.005 -13"><span class='ocrx_word' id='word_1_617' title='bbox 1191 1398 1300 1429; x_wconf 73' lang='lat' dir='ltr'>beati?</span> <span class='ocrx_word' id='word_1_618' title='bbox 1322 1408 1388 1429; x_wconf 92' lang='lat' dir='ltr'>non</span> <span class='ocrx_word' id='word_1_619' title='bbox 1407 1398 1464 1437; x_wconf 86' lang='lat' dir='ltr'>illi,</span> <span class='ocrx_word' id='word_1_620' title='bbox 1487 1400 1518 1430; x_wconf 90' lang='lat' dir='ltr'>in</span> <span class='ocrx_word' id='word_1_621' title='bbox 1537 1401 1656 1441; x_wconf 85' lang='lat' dir='ltr'>quibus</span> <span class='ocrx_word' id='word_1_622' title='bbox 1675 1410 1742 1431; x_wconf 86' lang='lat' dir='ltr'>non</span> <span class='ocrx_word' id='word_1_623' title='bbox 1761 1401 1905 1432; x_wconf 90' lang='lat' dir='ltr'>inueniet</span> <span class='ocrx_word' id='word_1_624' title='bbox 1917 1407 2090 1441; x_wconf 87' lang='lat' dir='ltr'>peccatum</span> <span class='ocrx_word' id='word_1_625' title='bbox 2103 1403 2168 1440; x_wconf 79' lang='lat'>³⁹),</span> 
     </span>
     <span class='ocr_line' id='line_1_89' title="bbox 1190 1441 2169 1484; baseline 0.005 -14"><span class='ocrx_word' id='word_1_626' title='bbox 1190 1450 1266 1471; x_wconf 86' lang='lat' dir='ltr'>nam</span> <span class='ocrx_word' id='word_1_627' title='bbox 1289 1441 1322 1471; x_wconf 90' lang='lat' dir='ltr'>in</span> <span class='ocrx_word' id='word_1_628' title='bbox 1345 1443 1497 1472; x_wconf 87' lang='lat' dir='ltr'>omnibus</span> <span class='ocrx_word' id='word_1_629' title='bbox 1518 1442 1651 1474; x_wconf 88' lang='lat' dir='ltr'>inuenit.</span> <span class='ocrx_word' id='word_1_630' title='bbox 1690 1442 1815 1474; x_wconf 86' lang='lat' dir='ltr'>Omnes</span> <span class='ocrx_word' id='word_1_631' title='bbox 1838 1443 1923 1475; x_wconf 87' lang='lat' dir='ltr'>enim</span> <span class='ocrx_word' id='word_1_632' title='bbox 1945 1448 2169 1484; x_wconf 82' lang='lat' dir='ltr'>peccauerunt</span> 
     </span>
     <span class='ocr_line' id='line_1_90' title="bbox 1159 1483 2166 1528; baseline 0.003 -14"><span class='ocrx_word' id='word_1_633' title='bbox 1159 1493 1168 1525; x_wconf 56' lang='grc' dir='ltr'><em>ᾗ</em></span> <span class='ocrx_word' id='word_1_634' title='bbox 1191 1489 1224 1514; x_wconf 91' lang='lat' dir='ltr'>et</span> <span class='ocrx_word' id='word_1_635' title='bbox 1248 1486 1424 1522; x_wconf 62' lang='lat' dir='ltr'>carentw)</span> <span class='ocrx_word' id='word_1_636' title='bbox 1447 1483 1555 1526; x_wconf 86' lang='lat' dir='ltr'>gloria</span> <span class='ocrx_word' id='word_1_637' title='bbox 1578 1485 1640 1516; x_wconf 89' lang='lat' dir='ltr'>dei.</span> <span class='ocrx_word' id='word_1_638' title='bbox 1686 1485 1723 1516; x_wconf 85' lang='lat' dir='ltr'>Si</span> <span class='ocrx_word' id='word_1_639' title='bbox 1754 1496 1834 1528; x_wconf 85' lang='lat' dir='ltr'>ergo</span> <span class='ocrx_word' id='word_1_640' title='bbox 1857 1486 1889 1516; x_wconf 89' lang='lat' dir='ltr'>in</span> <span class='ocrx_word' id='word_1_641' title='bbox 1914 1488 2064 1517; x_wconf 90' lang='lat' dir='ltr'>omnibus</span> <span class='ocrx_word' id='word_1_642' title='bbox 2089 1495 2166 1526; x_wconf 83' lang='lat' dir='ltr'>pee-</span> 
     </span>
     <span class='ocr_line' id='line_1_91' title="bbox 1160 1527 2167 1909; baseline 0.003 -353"><span class='ocrx_word' id='word_1_643' title='bbox 1160 1528 1167 1909; x_wconf 57' lang='grc' dir='ltr'>ἱ</span> <span class='ocrx_word' id='word_1_644' title='bbox 1191 1536 1267 1557; x_wconf 78' lang='lat' dir='ltr'>cata</span> <span class='ocrx_word' id='word_1_645' title='bbox 1289 1527 1515 1564; x_wconf 88' lang='lat' dir='ltr'>inueniuntur,</span> <span class='ocrx_word' id='word_1_646' title='bbox 1549 1534 1714 1565; x_wconf 78' lang='lat' dir='ltr'>remanet,</span> <span class='ocrx_word' id='word_1_647' title='bbox 1749 1535 1783 1559; x_wconf 83' lang='lat' dir='ltr'>vt</span> <span class='ocrx_word' id='word_1_648' title='bbox 1813 1538 1879 1559; x_wconf 90' lang='lat' dir='ltr'>non</span> <span class='ocrx_word' id='word_1_649' title='bbox 1908 1529 2037 1566; x_wconf 69' lang='lat' dir='ltr'>sint41)</span> <span class='ocrx_word' id='word_1_650' title='bbox 2066 1529 2167 1566; x_wconf 89' lang='lat' dir='ltr'>beati,</span> 
     </span>
    </p>
   </div>
   <div class='ocr_carea' id='block_1_18' title="bbox 1164 382 1170 485">
    <p class='ocr_par' dir='ltr' id='par_1_27' title="bbox 1164 382 1170 485">
     <span class='ocr_line' id='line_1_92' title="bbox 1164 382 1170 485; baseline 0 2436"><span class='ocrx_word' id='word_1_651' title='bbox 1164 382 1170 485; x_wconf 95' lang='lat' dir='ltr'> </span> 
     </span>
    </p>
   </div>
   <div class='ocr_carea' id='block_1_19' title="bbox 1165 488 1170 627">
    <p class='ocr_par' dir='ltr' id='par_1_28' title="bbox 1165 488 1170 627">
     <span class='ocr_line' id='line_1_93' title="bbox 1165 488 1170 627; baseline 0 2294"><span class='ocrx_word' id='word_1_652' title='bbox 1165 488 1170 627; x_wconf 95' lang='lat' dir='ltr'> </span> 
     </span>
    </p>
   </div>
   <div class='ocr_carea' id='block_1_20' title="bbox 1162 948 1169 1493">
    <p class='ocr_par' dir='ltr' id='par_1_29' title="bbox 1162 948 1169 1493">
     <span class='ocr_line' id='line_1_94' title="bbox 1162 948 1169 1493; baseline 0 0"><span class='ocrx_word' id='word_1_653' title='bbox 1162 948 1169 1493; x_wconf 95' lang='lat' dir='ltr'> </span> 
     </span>
    </p>
   </div>
   <div class='ocr_carea' id='block_1_21' title="bbox 1189 1569 2168 2040">
    <p class='ocr_par' dir='ltr' id='par_1_30' title="bbox 1190 1569 2168 1857">
     <span class='ocr_line' id='line_1_95' title="bbox 1190 1569 2167 1612; baseline 0.002 -13"><span class='ocrx_word' id='word_1_654' title='bbox 1190 1569 1254 1600; x_wconf 86' lang='lat' dir='ltr'>nisi</span> <span class='ocrx_word' id='word_1_655' title='bbox 1277 1580 1416 1610; x_wconf 89' lang='lat' dir='ltr'>quorum</span> <span class='ocrx_word' id='word_1_656' title='bbox 1439 1570 1578 1602; x_wconf 84' lang='lat' dir='ltr'>remissa</span> <span class='ocrx_word' id='word_1_657' title='bbox 1601 1577 1679 1602; x_wconf 89' lang='lat' dir='ltr'>sunt</span> <span class='ocrx_word' id='word_1_658' title='bbox 1701 1576 1849 1610; x_wconf 87' lang='lat' dir='ltr'>peccata.</span> <span class='ocrx_word' id='word_1_659' title='bbox 1883 1569 1956 1601; x_wconf 82' lang='lat' dir='ltr'>Hoc</span> <span class='ocrx_word' id='word_1_660' title='bbox 1979 1581 2060 1612; x_wconf 86' lang='lat' dir='ltr'>ergo</span> <span class='ocrx_word' id='word_1_661' title='bbox 2078 1571 2167 1611; x_wconf 86' lang='lat' dir='ltr'>Apo·</span> 
     </span>
     <span class='ocr_line' id='line_1_96' title="bbox 1190 1611 2167 1652; baseline 0.002 -10"><span class='ocrx_word' id='word_1_662' title='bbox 1190 1611 1296 1643; x_wconf 81' lang='lat' dir='ltr'>stolus</span> <span class='ocrx_word' id='word_1_663' title='bbox 1327 1614 1376 1644; x_wconf 89' lang='lat' dir='ltr'>sic</span> <span class='ocrx_word' id='word_1_664' title='bbox 1405 1613 1654 1644; x_wconf 89' lang='lat' dir='ltr'>commendauit.</span> <span class='ocrx_word' id='word_1_665' title='bbox 1708 1611 1854 1644; x_wconf 84' lang='lat' dir='ltr'>Credidit</span> <span class='ocrx_word' id='word_1_666' title='bbox 1883 1613 2050 1644; x_wconf 81' lang='lat' dir='ltr'>Abraham</span> <span class='ocrx_word' id='word_1_667' title='bbox 2078 1612 2167 1652; x_wconf 83' lang='lat' dir='ltr'>Deo,</span> 
     </span>
     <span class='ocr_line' id='line_1_97' title="bbox 1190 1655 2168 1697; baseline 0.002 -12"><span class='ocrx_word' id='word_1_668' title='bbox 1190 1662 1222 1686; x_wconf 89' lang='lat' dir='ltr'>et</span> <span class='ocrx_word' id='word_1_669' title='bbox 1246 1657 1435 1696; x_wconf 85' lang='lat' dir='ltr'>imputatum</span> <span class='ocrx_word' id='word_1_670' title='bbox 1460 1662 1509 1687; x_wconf 89' lang='lat' dir='ltr'>est</span> <span class='ocrx_word' id='word_1_671' title='bbox 1532 1656 1562 1686; x_wconf 87' lang='lat' dir='ltr'>ei</span> <span class='ocrx_word' id='word_1_672' title='bbox 1583 1656 1625 1686; x_wconf 82' lang='lat' dir='ltr'>ad</span> <span class='ocrx_word' id='word_1_673' title='bbox 1647 1656 1820 1687; x_wconf 79' lang='lat' dir='ltr'>iusticiam.</span> <span class='ocrx_word' id='word_1_674' title='bbox 1858 1655 1920 1687; x_wconf 91' lang='lat' dir='ltr'>Hic</span> <span class='ocrx_word' id='word_1_675' title='bbox 1943 1661 2035 1687; x_wconf 85' lang='lat' dir='ltr'>certe</span> <span class='ocrx_word' id='word_1_676' title='bbox 2053 1656 2168 1697; x_wconf 86' lang='lat' dir='ltr'>Augu-</span> 
     </span>
     <span class='ocr_line' id='line_1_98' title="bbox 1190 1697 2167 1739; baseline 0.001 -11"><span class='ocrx_word' id='word_1_677' title='bbox 1190 1698 1295 1730; x_wconf 86' lang='lat' dir='ltr'>stinus</span> <span class='ocrx_word' id='word_1_678' title='bbox 1319 1698 1416 1729; x_wconf 87' lang='lat' dir='ltr'>fidem</span> <span class='ocrx_word' id='word_1_679' title='bbox 1439 1697 1592 1739; x_wconf 85' lang='lat' dir='ltr'>intelligit</span> <span class='ocrx_word' id='word_1_680' title='bbox 1619 1698 1769 1729; x_wconf 84' lang='lat' dir='ltr'>fiduciam</span> <span class='ocrx_word' id='word_1_681' title='bbox 1795 1698 1872 1736; x_wconf 84' lang='lat' dir='ltr'>[fol.</span> <span class='ocrx_word' id='word_1_682' title='bbox 1896 1699 1978 1738; x_wconf 65' lang='lat'>25¹³]</span> <span class='ocrx_word' id='word_1_683' title='bbox 2007 1708 2093 1739; x_wconf 89' lang='lat' dir='ltr'>quae</span> <span class='ocrx_word' id='word_1_684' title='bbox 2115 1708 2167 1729; x_wconf 82' lang='lat' dir='ltr'>ae-</span> 
     </span>
     <span class='ocr_line' id='line_1_99' title="bbox 1190 1740 2166 1783; baseline 0.003 -13"><span class='ocrx_word' id='word_1_685' title='bbox 1190 1740 1269 1782; x_wconf 84' lang='lat' dir='ltr'>cipit</span> <span class='ocrx_word' id='word_1_686' title='bbox 1292 1742 1517 1772; x_wconf 81' lang='lat' dir='ltr'>remissionem</span> <span class='ocrx_word' id='word_1_687' title='bbox 1541 1747 1770 1781; x_wconf 84' lang='lat' dir='ltr'>peccatorum,</span> <span class='ocrx_word' id='word_1_688' title='bbox 1794 1747 1827 1772; x_wconf 84' lang='lat' dir='ltr'>et</span> <span class='ocrx_word' id='word_1_689' title='bbox 1849 1742 2031 1777; x_wconf 60' lang='lat' dir='ltr'>dictumst)</span> <span class='ocrx_word' id='word_1_690' title='bbox 2054 1742 2086 1772; x_wconf 94' lang='lat' dir='ltr'>in</span> <span class='ocrx_word' id='word_1_691' title='bbox 2110 1751 2166 1783; x_wconf 81' lang='lat' dir='ltr'>ge-</span> 
     </span>
     <span class='ocr_line' id='line_1_100' title="bbox 1190 1782 2167 1826; baseline 0.002 -13"><span class='ocrx_word' id='word_1_692' title='bbox 1190 1785 1262 1814; x_wconf 84' lang='lat' dir='ltr'>nesi</span> <span class='ocrx_word' id='word_1_693' title='bbox 1286 1790 1317 1814; x_wconf 88' lang='lat' dir='ltr'>et</span> <span class='ocrx_word' id='word_1_694' title='bbox 1339 1785 1371 1814; x_wconf 91' lang='lat' dir='ltr'>in</span> <span class='ocrx_word' id='word_1_695' title='bbox 1395 1782 1498 1815; x_wconf 91' lang='lat' dir='ltr'>Paulo</span> <span class='ocrx_word' id='word_1_696' title='bbox 1528 1793 1668 1824; x_wconf 78' lang='lat' dir='ltr'>prorsus</span> <span class='ocrx_word' id='word_1_697' title='bbox 1696 1783 1848 1826; x_wconf 83' lang='lat' dir='ltr'>intelligit</span> <span class='ocrx_word' id='word_1_698' title='bbox 1877 1785 1963 1815; x_wconf 87' lang='lat' dir='ltr'>sicut</span> <span class='ocrx_word' id='word_1_699' title='bbox 1986 1794 2049 1814; x_wconf 89' lang='lat' dir='ltr'>nos</span> <span class='ocrx_word' id='word_1_700' title='bbox 2072 1794 2167 1815; x_wconf 87' lang='lat' dir='ltr'>enar-</span> 
     </span>
     <span class='ocr_line' id='line_1_101' title="bbox 1190 1836 1311 1857; baseline 0.008 -1"><span class='ocrx_word' id='word_1_701' title='bbox 1190 1836 1311 1857; x_wconf 85' lang='lat' dir='ltr'>ramus.</span> 
     </span>
    </p>

    <p class='ocr_par' dir='ltr' id='par_1_31' title="bbox 1189 1867 2166 1954">
     <span class='ocr_line' id='line_1_102' title="bbox 1276 1867 2166 1911; baseline 0.001 -12"><span class='ocrx_word' id='word_1_702' title='bbox 1276 1868 1364 1900; x_wconf 83' lang='lat' dir='ltr'>Alibi</span> <span class='ocrx_word' id='word_1_703' title='bbox 1400 1870 1439 1900; x_wconf 91' lang='lat' dir='ltr'>de</span> <span class='ocrx_word' id='word_1_704' title='bbox 1462 1870 1586 1910; x_wconf 85' lang='lat' dir='ltr'>Spiritu</span> <span class='ocrx_word' id='word_1_705' title='bbox 1614 1876 1645 1899; x_wconf 88' lang='lat' dir='ltr'>et.</span> <span class='ocrx_word' id='word_1_706' title='bbox 1674 1867 1770 1900; x_wconf 86' lang='lat' dir='ltr'>litera</span> <span class='ocrx_word' id='word_1_707' title='bbox 1802 1870 1925 1911; x_wconf 84' lang='lat' dir='ltr'>inquit,</span> <span class='ocrx_word' id='word_1_708' title='bbox 1960 1869 2009 1900; x_wconf 83' lang='lat' dir='ltr'>Ex</span> <span class='ocrx_word' id='word_1_709' title='bbox 2031 1868 2107 1911; x_wconf 78' lang='lat' dir='ltr'>lege</span> <span class='ocrx_word' id='word_1_710' title='bbox 2128 1869 2166 1900; x_wconf 90' lang='lat' dir='ltr'>ti-</span> 
     </span>
     <span class='ocr_line' id='line_1_103' title="bbox 1189 1911 2165 1954; baseline -0.001 -11"><span class='ocrx_word' id='word_1_711' title='bbox 1189 1922 1316 1943; x_wconf 81' lang='lat' dir='ltr'>memus</span> <span class='ocrx_word' id='word_1_712' title='bbox 1329 1913 1437 1949; x_wconf 84' lang='lat' dir='ltr'>deum,</span> <span class='ocrx_word' id='word_1_713' title='bbox 1460 1913 1539 1943; x_wconf 83' lang='lat' dir='ltr'>Fide</span> <span class='ocrx_word' id='word_1_714' title='bbox 1550 1914 1602 1948; x_wconf 68' lang='lat'>⁴³)</span> <span class='ocrx_word' id='word_1_715' title='bbox 1621 1911 1829 1954; x_wconf 86' lang='lat' dir='ltr'>confugimus</span> <span class='ocrx_word' id='word_1_716' title='bbox 1841 1913 1882 1944; x_wconf 87' lang='lat' dir='ltr'>ad</span> <span class='ocrx_word' id='word_1_717' title='bbox 1895 1912 2165 1943; x_wconf 85' lang='lat' dir='ltr'>misericordiam.</span> 
     </span>
    </p>

    <p class='ocr_par' dir='ltr' id='par_1_32' title="bbox 1190 1954 2167 2040">
     <span class='ocr_line' id='line_1_104' title="bbox 1276 1954 2167 1992; baseline 0 -6"><span class='ocrx_word' id='word_1_718' title='bbox 1276 1954 1489 1986; x_wconf 86' lang='lat' dir='ltr'>Bernhardus</span> <span class='ocrx_word' id='word_1_719' title='bbox 1512 1956 1544 1985; x_wconf 92' lang='lat' dir='ltr'>in</span> <span class='ocrx_word' id='word_1_720' title='bbox 1568 1956 1731 1986; x_wconf 85' lang='lat' dir='ltr'>concione</span> <span class='ocrx_word' id='word_1_721' title='bbox 1750 1955 1791 1985; x_wconf 91' lang='lat' dir='ltr'>de</span> <span class='ocrx_word' id='word_1_722' title='bbox 1804 1955 2079 1992; x_wconf 86' lang='lat' dir='ltr'>Annunciatione‚</span> <span class='ocrx_word' id='word_1_723' title='bbox 2102 1954 2167 1986; x_wconf 89' lang='lat' dir='ltr'>Ne-</span> 
     </span>
     <span class='ocr_line' id='line_1_105' title="bbox 1190 1998 2167 2040; baseline 0 -12"><span class='ocrx_word' id='word_1_724' title='bbox 1190 2008 1288 2029; x_wconf 86' lang='lat' dir='ltr'>cesse</span> <span class='ocrx_word' id='word_1_725' title='bbox 1311 2004 1361 2029; x_wconf 84' lang='lat' dir='ltr'>est</span> <span class='ocrx_word' id='word_1_726' title='bbox 1391 1998 1494 2039; x_wconf 89' lang='lat' dir='ltr'>primo</span> <span class='ocrx_word' id='word_1_727' title='bbox 1511 1999 1562 2034; x_wconf 74' lang='lat'>⁴⁴)</span> <span class='ocrx_word' id='word_1_728' title='bbox 1598 1998 1740 2028; x_wconf 85' lang='lat' dir='ltr'>omnium</span> <span class='ocrx_word' id='word_1_729' title='bbox 1771 1998 1908 2029; x_wconf 85' lang='lat' dir='ltr'>credere</span> <span class='ocrx_word' id='word_1_730' title='bbox 1937 1998 2026 2040; x_wconf 88' lang='lat' dir='ltr'>quod</span> <span class='ocrx_word' id='word_1_731' title='bbox 2053 1998 2167 2029; x_wconf 84' lang='lat' dir='ltr'>remis-</span> 
     </span>
    </p>
   </div>
   <div class='ocr_carea' id='block_1_22' title="bbox 1190 2066 1383 2072">
    <p class='ocr_par' dir='ltr' id='par_1_33' title="bbox 1190 2066 1383 2072">
     <span class='ocr_line' id='line_1_106' title="bbox 1190 2066 1383 2072; baseline 0 0"><span class='ocrx_word' id='word_1_732' title='bbox 1190 2066 1383 2072; x_wconf 95' lang='lat' dir='ltr'> </span> 
     </span>
    </p>
   </div>
   <div class='ocr_carea' id='block_1_23' title="bbox 1185 2108 1976 2355">
    <p class='ocr_par' dir='ltr' id='par_1_34' title="bbox 1186 2108 1910 2183">
     <span class='ocr_line' id='line_1_107' title="bbox 1187 2108 1910 2141; baseline -0.001 -8"><span class='ocrx_word' id='word_1_733' title='bbox 1187 2110 1232 2138; x_wconf 76' lang='lat'>34]</span> <span class='ocrx_word' id='word_1_734' title='bbox 1254 2109 1289 2141; x_wconf 84' lang='lat' dir='ltr'>et]</span> <span class='ocrx_word' id='word_1_735' title='bbox 1309 2108 1370 2132; x_wconf 79' lang='lat' dir='ltr'>hanc</span> <span class='ocrx_word' id='word_1_736' title='bbox 1387 2117 1467 2134; x_wconf 83' lang='lat' dir='ltr'>vocem</span> <span class='ocrx_word' id='word_1_737' title='bbox 1485 2109 1548 2133; x_wconf 79' lang='lat' dir='ltr'>Mel.</span> <span class='ocrx_word' id='word_1_738' title='bbox 1569 2117 1644 2141; x_wconf 69' lang='lat' dir='ltr'>supra</span> <span class='ocrx_word' id='word_1_739' title='bbox 1664 2110 1751 2133; x_wconf 79' lang='lat' dir='ltr'>lineam</span> <span class='ocrx_word' id='word_1_740' title='bbox 1769 2110 1910 2141; x_wconf 67' lang='lat' dir='ltr'>adscripsit.</span> 
     </span>
     <span class='ocr_line' id='line_1_108' title="bbox 1186 2152 1712 2183; baseline -0.002 -7"><span class='ocrx_word' id='word_1_741' title='bbox 1186 2153 1233 2183; x_wconf 77' lang='grc'>35)</span> <span class='ocrx_word' id='word_1_742' title='bbox 1254 2152 1359 2183; x_wconf 78' lang='lat' dir='ltr'>doceas]</span> <span class='ocrx_word' id='word_1_743' title='bbox 1378 2153 1458 2176; x_wconf 84' lang='lat' dir='ltr'>Editt.</span> <span class='ocrx_word' id='word_1_744' title='bbox 1480 2153 1554 2176; x_wconf 81' lang='lat'><strong>1—3.</strong></span> <span class='ocrx_word' id='word_1_745' title='bbox 1576 2153 1615 2176; x_wconf 80' lang='grc'>8.;</span> <span class='ocrx_word' id='word_1_746' title='bbox 1634 2153 1712 2176; x_wconf 83' lang='lat' dir='ltr'>doces</span> 
     </span>
    </p>

    <p class='ocr_par' dir='ltr' id='par_1_35' title="bbox 1185 2195 1976 2270">
     <span class='ocr_line' id='line_1_109' title="bbox 1186 2195 1976 2226; baseline -0.001 -8"><span class='ocrx_word' id='word_1_747' title='bbox 1186 2195 1232 2226; x_wconf 86' lang='lat'>36)</span> <span class='ocrx_word' id='word_1_748' title='bbox 1253 2195 1420 2226; x_wconf 78' lang='lat' dir='ltr'>insincerum]</span> <span class='ocrx_word' id='word_1_749' title='bbox 1441 2196 1490 2218; x_wconf 81' lang='lat' dir='ltr'>Ed.</span> <span class='ocrx_word' id='word_1_750' title='bbox 1509 2196 1533 2219; x_wconf 82' lang='lat'>5.</span> <span class='ocrx_word' id='word_1_751' title='bbox 1552 2195 1618 2219; x_wconf 83' lang='lat' dir='ltr'>mule</span> <span class='ocrx_word' id='word_1_752' title='bbox 1635 2195 1787 2218; x_wconf 68' lang='lat' dir='ltr'>disiunctim:</span> <span class='ocrx_word' id='word_1_753' title='bbox 1806 2195 1832 2217; x_wconf 92' lang='lat' dir='ltr'>in</span> <span class='ocrx_word' id='word_1_754' title='bbox 1851 2195 1976 2217; x_wconf 79' lang='lat' dir='ltr'>sincerum</span> 
     </span>
     <span class='ocr_line' id='line_1_110' title="bbox 1185 2236 1824 2270; baseline -0.003 -8"><span class='ocrx_word' id='word_1_755' title='bbox 1185 2239 1232 2270; x_wconf 86' lang='lat'>37)</span> <span class='ocrx_word' id='word_1_756' title='bbox 1251 2240 1276 2262; x_wconf 91' lang='lat' dir='ltr'>iu</span> <span class='ocrx_word' id='word_1_757' title='bbox 1296 2236 1454 2270; x_wconf 79' lang='lat' dir='ltr'>Augustino]</span> <span class='ocrx_word' id='word_1_758' title='bbox 1474 2238 1554 2262; x_wconf 82' lang='lat' dir='ltr'>Editt.</span> <span class='ocrx_word' id='word_1_759' title='bbox 1575 2238 1598 2262; x_wconf 84' lang='lat'>5.</span> <span class='ocrx_word' id='word_1_760' title='bbox 1619 2238 1659 2261; x_wconf 79' lang='lat'>7.:</span> <span class='ocrx_word' id='word_1_761' title='bbox 1678 2238 1824 2267; x_wconf 80' lang='lat' dir='ltr'>Augustino</span> 
     </span>
    </p>

    <p class='ocr_par' dir='ltr' id='par_1_36' title="bbox 1185 2281 1493 2312">
     <span class='ocr_line' id='line_1_111' title="bbox 1185 2281 1493 2312; baseline 0 -7"><span class='ocrx_word' id='word_1_762' title='bbox 1185 2282 1232 2312; x_wconf 84' lang='lat'>38)</span> <span class='ocrx_word' id='word_1_763' title='bbox 1252 2281 1306 2312; x_wconf 64' lang='lat'><strong>31.)</strong></span> <span class='ocrx_word' id='word_1_764' title='bbox 1326 2281 1372 2306; x_wconf 80' lang='lat' dir='ltr'>Ed,</span> <span class='ocrx_word' id='word_1_765' title='bbox 1392 2281 1431 2304; x_wconf 84' lang='lat'>3.:</span> <span class='ocrx_word' id='word_1_766' title='bbox 1454 2281 1493 2305; x_wconf 89' lang='grc'>13.</span> 
     </span>
    </p>

    <p class='ocr_par' dir='ltr' id='par_1_37' title="bbox 1185 2323 1803 2355">
     <span class='ocr_line' id='line_1_112' title="bbox 1185 2323 1803 2355; baseline -0.008 -7"><span class='ocrx_word' id='word_1_767' title='bbox 1185 2324 1231 2355; x_wconf 86' lang='grc'>39)</span> <span class='ocrx_word' id='word_1_768' title='bbox 1251 2323 1405 2355; x_wconf 83' lang='lat' dir='ltr'>peecatum‚]</span> <span class='ocrx_word' id='word_1_769' title='bbox 1428 2324 1508 2346; x_wconf 89' lang='lat' dir='ltr'>Editt.</span> <span class='ocrx_word' id='word_1_770' title='bbox 1531 2324 1605 2346; x_wconf 86' lang='lat'>1—3.</span> <span class='ocrx_word' id='word_1_771' title='bbox 1626 2323 1664 2347; x_wconf 86' lang='lat'>8.:</span> <span class='ocrx_word' id='word_1_772' title='bbox 1684 2326 1803 2352; x_wconf 75' lang='lat' dir='ltr'>peccata:</span> 
     </span>
    </p>
   </div>
   <div class='ocr_carea' id='block_1_24' title="bbox 1185 2363 2164 2432">
    <p class='ocr_par' dir='ltr' id='par_1_38' title="bbox 1185 2363 2164 2432">
     <span class='ocr_line' id='line_1_113' title="bbox 1185 2363 2164 2399; baseline -0.002 -9"><span class='ocrx_word' id='word_1_773' title='bbox 1185 2367 1231 2398; x_wconf 76' lang='lat'>40)</span> <span class='ocrx_word' id='word_1_774' title='bbox 1252 2366 1350 2397; x_wconf 79' lang='lat' dir='ltr'>carent]</span> <span class='ocrx_word' id='word_1_775' title='bbox 1369 2366 1453 2390; x_wconf 63' lang='lat' dir='ltr'>amba</span> <span class='ocrx_word' id='word_1_776' title='bbox 1471 2366 1618 2399; x_wconf 71' lang='lat' dir='ltr'>scripserat:</span> <span class='ocrx_word' id='word_1_777' title='bbox 1639 2369 1731 2395; x_wconf 80' lang='lat' dir='ltr'>egent,</span> <span class='ocrx_word' id='word_1_778' title='bbox 1757 2364 1823 2395; x_wconf 71' lang='lat' dir='ltr'>quod</span> <span class='ocrx_word' id='word_1_779' title='bbox 1840 2363 1902 2387; x_wconf 84' lang='lat' dir='ltr'>Mel.</span> <span class='ocrx_word' id='word_1_780' title='bbox 1929 2364 2003 2387; x_wconf 64' lang='lat' dir='ltr'>litura</span> <span class='ocrx_word' id='word_1_781' title='bbox 2028 2364 2115 2388; x_wconf 61' lang='lat' dir='ltr'>delevit</span> <span class='ocrx_word' id='word_1_782' title='bbox 2141 2367 2164 2388; x_wconf 69' lang='lat' dir='ltr'>et</span> 
     </span>
     <span class='ocr_line' id='line_1_114' title="bbox 1252 2398 1949 2432; baseline -0.004 -8"><span class='ocrx_word' id='word_1_783' title='bbox 1252 2402 1362 2432; x_wconf 75' lang='lat' dir='ltr'>scripsit:</span> <span class='ocrx_word' id='word_1_784' title='bbox 1383 2405 1472 2424; x_wconf 78' lang='lat' dir='ltr'>carent</span> <span class='ocrx_word' id='word_1_785' title='bbox 1491 2400 1518 2424; x_wconf 83' lang='lat' dir='ltr'>id</span> <span class='ocrx_word' id='word_1_786' title='bbox 1537 2399 1602 2432; x_wconf 74' lang='lat' dir='ltr'>quod</span> <span class='ocrx_word' id='word_1_787' title='bbox 1619 2400 1644 2422; x_wconf 81' lang='lat' dir='ltr'>in</span> <span class='ocrx_word' id='word_1_788' title='bbox 1662 2406 1731 2422; x_wconf 87' lang='lat' dir='ltr'>omn.</span> <span class='ocrx_word' id='word_1_789' title='bbox 1751 2398 1831 2422; x_wconf 77' lang='lat' dir='ltr'>Editt.</span> <span class='ocrx_word' id='word_1_790' title='bbox 1852 2399 1949 2429; x_wconf 66' lang='grc' dir='ltr'>[θρίων.</span> 
     </span>
    </p>
   </div>
   <div class='ocr_carea' id='block_1_25' title="bbox 1155 2441 2162 2603">
    <p class='ocr_par' dir='ltr' id='par_1_39' title="bbox 1155 2441 2162 2518">
     <span class='ocr_line' id='line_1_115' title="bbox 1184 2441 2162 2475; baseline -0.004 -8"><span class='ocrx_word' id='word_1_791' title='bbox 1184 2444 1230 2475; x_wconf 85' lang='grc'>41)</span> <span class='ocrx_word' id='word_1_792' title='bbox 1252 2450 1276 2467; x_wconf 82' lang='lat' dir='ltr'>vt</span> <span class='ocrx_word' id='word_1_793' title='bbox 1295 2451 1347 2467; x_wconf 87' lang='lat' dir='ltr'>non</span> <span class='ocrx_word' id='word_1_794' title='bbox 1366 2444 1427 2475; x_wconf 80' lang='lat' dir='ltr'>sint]</span> <span class='ocrx_word' id='word_1_795' title='bbox 1447 2445 1482 2467; x_wconf 70' lang='lat' dir='ltr'>sic</span> <span class='ocrx_word' id='word_1_796' title='bbox 1500 2442 1564 2466; x_wconf 90' lang='lat' dir='ltr'>Cod.</span> <span class='ocrx_word' id='word_1_797' title='bbox 1584 2447 1607 2467; x_wconf 86' lang='lat' dir='ltr'>et</span> <span class='ocrx_word' id='word_1_798' title='bbox 1624 2442 1672 2465; x_wconf 81' lang='lat' dir='ltr'>Ed.</span> <span class='ocrx_word' id='word_1_799' title='bbox 1686 2443 1724 2471; x_wconf 71' lang='lat'>4.;</span> <span class='ocrx_word' id='word_1_800' title='bbox 1743 2447 1802 2465; x_wconf 84' lang='lat' dir='ltr'>cett.</span> <span class='ocrx_word' id='word_1_801' title='bbox 1824 2441 1921 2464; x_wconf 80' lang='lat' dir='ltr'>Editt.:</span> <span class='ocrx_word' id='word_1_802' title='bbox 1943 2441 2013 2472; x_wconf 86' lang='lat' dir='ltr'>quod</span> <span class='ocrx_word' id='word_1_803' title='bbox 2031 2448 2084 2464; x_wconf 85' lang='lat' dir='ltr'>non</span> <span class='ocrx_word' id='word_1_804' title='bbox 2102 2443 2162 2463; x_wconf 83' lang='lat' dir='ltr'>sunt</span> 
     </span>
     <span class='ocr_line' id='line_1_116' title="bbox 1155 2484 1966 2518; baseline -0.005 -8"><span class='ocrx_word' id='word_1_805' title='bbox 1155 2492 1159 2510; x_wconf 80' lang='grc' dir='ltr'><strong>ι</strong></span> <span class='ocrx_word' id='word_1_806' title='bbox 1183 2487 1230 2517; x_wconf 75' lang='grc'>42)</span> <span class='ocrx_word' id='word_1_807' title='bbox 1251 2492 1276 2510; x_wconf 83' lang='lat' dir='ltr'>et</span> <span class='ocrx_word' id='word_1_808' title='bbox 1295 2486 1401 2518; x_wconf 70' lang='lat' dir='ltr'>dietum]</span> <span class='ocrx_word' id='word_1_809' title='bbox 1423 2486 1505 2509; x_wconf 78' lang='lat' dir='ltr'>Editt.</span> <span class='ocrx_word' id='word_1_810' title='bbox 1529 2486 1600 2509; x_wconf 81' lang='lat'>1-3,</span> <span class='ocrx_word' id='word_1_811' title='bbox 1621 2486 1660 2509; x_wconf 81' lang='lat'>8.:</span> <span class='ocrx_word' id='word_1_812' title='bbox 1680 2489 1705 2508; x_wconf 83' lang='lat' dir='ltr'>et</span> <span class='ocrx_word' id='word_1_813' title='bbox 1723 2485 1792 2516; x_wconf 83' lang='lat' dir='ltr'>quod</span> <span class='ocrx_word' id='word_1_814' title='bbox 1813 2487 1851 2508; x_wconf 76' lang='lat' dir='ltr'>est</span> <span class='ocrx_word' id='word_1_815' title='bbox 1870 2484 1966 2507; x_wconf 87' lang='lat' dir='ltr'>dictum</span> 
     </span>
    </p>

    <p class='ocr_par' dir='ltr' id='par_1_40' title="bbox 1184 2526 1944 2561">
     <span class='ocr_line' id='line_1_117' title="bbox 1184 2526 1944 2561; baseline -0.005 -8"><span class='ocrx_word' id='word_1_816' title='bbox 1184 2530 1230 2560; x_wconf 79' lang='lat'>43)</span> <span class='ocrx_word' id='word_1_817' title='bbox 1250 2529 1326 2561; x_wconf 79' lang='lat' dir='ltr'>Fide]</span> <span class='ocrx_word' id='word_1_818' title='bbox 1345 2530 1381 2553; x_wconf 77' lang='lat' dir='ltr'>sie</span> <span class='ocrx_word' id='word_1_819' title='bbox 1399 2528 1463 2552; x_wconf 85' lang='lat' dir='ltr'>Cod.</span> <span class='ocrx_word' id='word_1_820' title='bbox 1485 2532 1506 2552; x_wconf 80' lang='lat' dir='ltr'>et</span> <span class='ocrx_word' id='word_1_821' title='bbox 1525 2528 1575 2551; x_wconf 79' lang='lat' dir='ltr'>Ed.</span> <span class='ocrx_word' id='word_1_822' title='bbox 1595 2529 1636 2557; x_wconf 80' lang='lat'>4.;</span> <span class='ocrx_word' id='word_1_823' title='bbox 1657 2532 1715 2550; x_wconf 81' lang='lat' dir='ltr'>cett,</span> <span class='ocrx_word' id='word_1_824' title='bbox 1734 2527 1828 2554; x_wconf 79' lang='lat' dir='ltr'>Editt.:</span> <span class='ocrx_word' id='word_1_825' title='bbox 1850 2532 1875 2550; x_wconf 80' lang='lat' dir='ltr'>et</span> <span class='ocrx_word' id='word_1_826' title='bbox 1894 2526 1944 2549; x_wconf 77' lang='lat' dir='ltr'>fide</span> 
     </span>
    </p>

    <p class='ocr_par' dir='ltr' id='par_1_41' title="bbox 1186 2570 1831 2603">
     <span class='ocr_line' id='line_1_118' title="bbox 1186 2570 1831 2603; baseline -0.003 -8"><span class='ocrx_word' id='word_1_827' title='bbox 1186 2573 1233 2603; x_wconf 72' lang='lat'>44)</span> <span class='ocrx_word' id='word_1_828' title='bbox 1252 2572 1348 2603; x_wconf 86' lang='lat' dir='ltr'>primo]</span> <span class='ocrx_word' id='word_1_829' title='bbox 1367 2573 1402 2596; x_wconf 73' lang='lat' dir='ltr'>sic</span> <span class='ocrx_word' id='word_1_830' title='bbox 1422 2572 1502 2601; x_wconf 80' lang='lat' dir='ltr'>Cod.;</span> <span class='ocrx_word' id='word_1_831' title='bbox 1521 2578 1588 2594; x_wconf 89' lang='lat' dir='ltr'>omn.</span> <span class='ocrx_word' id='word_1_832' title='bbox 1607 2570 1703 2594; x_wconf 81' lang='lat' dir='ltr'>Editt.:</span> <span class='ocrx_word' id='word_1_833' title='bbox 1722 2571 1831 2601; x_wconf 82' lang='lat' dir='ltr'>primum</span> 
     </span>
    </p>
   </div>
  </div>
 </body>
</html>
