2299 2921
149 110 213 142 237

187 204 324 237 fflacbhem
348 203 380 232 (ἔ.
409 200 457 232 ⁵113.
481 201 523 231 bei
541 203 596 231 unss
621 209 666 230 um
691 200 731 231 ein
756 200 911 238 cbrifflicfyen
930 199 1124 235 fflrdbicunten.

230 247 286 282 III,
312 247 383 275 599.

188 288 328 325 {giemum
355 288 407 318 mit
430 290 483 316 «116
507 295 586 316 eumn
612 285 695 323 δ’ῑείᾗ.
732 285 771 321 Υ,
795 286 864 315 664.

144 330 405 365 Amerbachio,
428 330 532 357 Vito:

187 374 263 404 Cum
284 378 360 403 essct
381 373 449 400 hinc
472 373 508 399 ad
531 381 592 400 vos.
616 371 640 406 Ι,
664 371 734 399 835.

187 418 326 446 Fortasse
344 415 409 444 aliis
431 414 611 451 temporibus
633 414 818 442 iucundiores
840 414 920 443 mihi.
944 413 968 449 Ι,
991 413 1063 442 564.

188 459 341 489 Hactenus
363 468 410 486 me
431 458 573 494 impediit.
596 457 634 491 V,
660 456 730 485 232.

144 503 351 541 Amphero,
374 500 624 537 Wolfgango:

194 548 363 583 Antequam
387 543 512 572 Iacobus
534 542 800 579 Argentoratensis.
825 540 893 577 VII,
918 541 988 571 602.

146 588 377 622 Amsdorfio,
400 585 564 615 Nicolao
586 585 644 612 ab:

189 631 308 660 Certum
332 634 376 659 est
398 630 500 666 ingens
521 627 637 656 bellum.
660 627 713 662 VI,
736 628 803 655 181.

189 675 263 704 Cum
286 673 322 701 R.
352 673 389 700 D.
414 672 450 700 V.
480 680 532 699 suo
558 671 740 707 gravissimo.
777 671 814 706 V,
839 670 908 699 362.

189 717 255 746 Etsi
277 720 409 744 amanter
432 714 511 742 faciS.
547 713 600 747 VI,
626 714 674 742 73.

188 759 254 788 Etsi
278 768 315 786 ex
337 758 396 786 vita
419 757 552 786 decessit.
576 755 628 790 VI,
655 756 702 785 22.

187 802 253 830 Etsi
271 802 302 829 in
325 801 470 830 communi
491 799 569 827 luctu
590 799 727 828 sciebam.
750 798 802 834 VI,
827 800 876 829 59.
895 807 897 810 “

190 845 256 873 Etsi
278 844 406 872 maxime
425 842 585 880 cupiebam.
609 841 647 877 V,
672 843 743 871 798.

189 887 255 916 Etsi
278 896 315 914 ne
337 886 422 914 aulae
446 885 571 923 quidem.
606 884 659 920 VI,
686 885 755 913 149.

188 930 253 958 Etsi
276 929 368 958 voluit
390 929 464 957 aula.
499 927 551 962 VI,
577 927 646 956 235.

193 971 312 1001 Gratias
334 981 390 1009 ago
411 972 462 999 tibi
485 980 538 1007 pro
561 971 693 1006 pecunia.
728 970 781 1005 VI,
803 970 851 998 95:

193 1015 295 1043 Habes
312 1015 437 1042 vicinum
462 1013 623 1041 Pastorem.
657 1013 710 1046 IV,
734 1013 806 1041 862.

188 1057 254 1085 Hae
276 1058 348 1085 hora
369 1057 547 1084 nunciatum.
571 1055 623 1088 VI,
650 1055 719 1082 240.

187 1100 218 1129 Is
236 1100 286 1136 qui
306 1100 364 1127 iam
387 1102 512 1136 praeest.
536 1096 591 1131 ΠΙ,
617 1097 688 1125 952.

186 1142 297 1171 Omnes
320 1142 385 1178 pios
407 1150 503 1177 saepe.
528 1139 581 1174 VI,
609 1141 676 1167 179.

187 1183 290 1213 Subito
314 1184 376 1213 fuit.
400 1183 437 1218 V,
462 1183 533 1211 324.

188 1227 230 1256 Ut
248 1227 379 1255 Ecclesia
398 1225 456 1254 Dei
479 1235 546 1253 vere
570 1225 709 1262 orphana.
734 1225 787 1259 VI,
814 1225 862 1255 32.
1151 1216 1155 1256 J

189 1270 229 1298 Ut
252 1270 380 1306 queritur
402 1268 559 1296 Zacharias
582 1269 733 1305 propheta.
759 1268 811 1302 lv,
839 1269 906 1298 794,
1152 1270 1153 1291 l

145 1312 417 1345 Amsterdamo,
436 1311 585 1345 Ioanni,
604 1320 700 1347 propr.
724 1311 882 1339 Tiemann:
1151 1297 1154 1346 l

187 1355 225 1383 N.
249 1359 377 1382 veterum
401 1355 534 1382 amicum.
564 1353 648 1388 VIII,
673 1354 743 1381 312.

186 1397 281 1435 Saepe
303 1398 418 1425 intuens
440 1397 518 1424 hunc
536 1396 644 1425 Albim.
679 1395 763 1431 VIII,
794 1397 864 1424 337.

145 1441 324 1474 Andreae,
349 1440 480 1467 Pastori:

188 1483 361 1511 visitatores
384 1491 442 1509 non
467 1481 627 1510 voluerunt.
661 1481 703 1516 II,
727 1482 798 1510 704.

144 1525 436 1561 Annabergcnsi
459 1523 632 1553 Senatui:

188 1568 291 1638 &gg
310 1568 354 1596 ‹11ss
378 1567 540 1604 retftdnbige
570 1567 705 1603 dytifflitiye
726 1567 874 1605 fficgenteu.
901 1568 999 1605 missen.
1035 1567 1119 1604 VIII,
1149 1566 1155 1618 1

143 1652 449 1682 Ansbacensibus
473 1653 516 1684 (in
540 1651 680 1688 Francia)
700 1653 1053 1683 concionatoribus:

187 1695 256 1723 Scio
279 1704 416 1732 magnam
440 1704 503 1722 esse
526 1695 708 1724 iudiciorum.
738 1695 805 1728 VII,
833 1697 901 1725 140.

144 1738 323 1772 Antonio,
347 1735 455 1765 Comici
478 1738 514 1765 ab
536 1737 693 1775 Isenburg:

187 1781 252 1809 Etsi
274 1780 456 1817 Philosophi.
481 1780 539 1815 VI,
565 1782 633 1809 369.

187 1823 235 1857 &dy
263 1823 329 1856 titt.
353 1823 387 1851 Θ.
417 1823 454 1852 (S).
480 1825 577 1852 mnssen
608 1824 660 1852 mit
691 1826 842 1862 guttiflua>
875 1834 904 1861 zu
936 1830 984 1863 qut
1016 1825 1124 1863 hulten„

230 1865 282 1901 bafi
307 1865 342 1901 id)
368 1866 477 1902 geirtet.
512 1864 554 1900 X,
581 1867 647 1895 147.
1149 1833 1155 1913 Ι

145 1908 332 1942 Antonio,
357 1906 386 1934 N
391 1917 413 1936 .:
1149 1916 1153 1956 Ι

187 1948 331 1987 Scriptum
358 1954 415 1977 est:
440 1956 501 1978 esto
520 1956 603 1987 pater
621 1952 762 1988 orphano.
787 1952 841 1988 IX,
864 1954 934 1983 572.

145 1993 312 2029 Aquilae,
337 1993 472 2020 Adamo
496 1992 657 2029 (Sacensi):
1148 1956 1152 2051 1

188 2034 387 2063 Certissimum
412 2040 464 2070 cst,
488 2036 609 2073 primae.
634 2036 701 2070 VII,
727 2038 797 2066 689.

188 2076 345 2105 Custodem
369 2078 521 2106 Ecclesiae
544 2088 621 2107 suae.
648 2079 731 2114 VIII,
752 2080 824 2108 514.

188 2120 306 2149 Eximia
329 2125 372 2148 est
395 2120 500 2148 Gentis
523 2121 702 2150 Bohemicac
725 2124 861 2159 gravitas.
887 2123 953 2160 VII,
978 2127 1047 2154 844.

187 2161 327 2191 Gratulor
350 2163 432 2191 vobis
456 2164 618 2201 halcyonia.
652 2164 738 2200 VIII,
764 2167 834 2194 118.

186 2204 310 2243 Propter
333 2206 523 2234 excellentem
546 2208 690 2237 virtutem.
714 2208 783 2244 VII,
808 2209 878 2237 760.

187 2246 252 2276 Scis
275 2248 412 2285 scriptum
437 2258 510 2278 esse.
535 2250 619 2285 VIII,
643 2251 711 2279 235.
1149 2225 1153 2270 Ι

186 2288 308 2328 Semper
331 2292 427 2320 amavi
448 2297 573 2330 gentem.
599 2292 651 2325 VI,
675 2293 744 2321 816.

186 2331 338 2361 Sententia
360 2338 403 2362 est
425 2335 532 2364 divina.
558 2335 642 2371 VIII,
666 2338 713 2364 54.

186 2375 278 2404 Vetus
301 2376 452 2405 celebritas
475 2379 578 2414 gentis.
603 2378 671 2414 VII,
697 2379 767 2408 799.

142 2418 319 2456 Aquilae,
343 2416 465 2456 Casp.:

186 2463 299 2499 Accepi
323 2466 351 2489 et
375 2465 440 2490 tuas
462 2468 489 2490 et
512 2470 638 2493 senatus.
663 2464 717 2497 lv,
742 2466 812 2493 965.

186 2505 295 2542 Accepi
318 2510 398 2532 tuam
421 2506 578 2542 querelam,
601 2509 640 2536 mi
663 2506 696 2536 C.
720 2508 772 2543 IV,
798 2509 868 2538 959.

186 2548 254 2584 Ago
276 2548 327 2575 tibi
350 2555 480 2584 magnas.
508 2548 561 2584 IV,
584 2550 654 2580 964.

343 107 382 140 ΙΙ.
417 104 608 139 INDICES.
653 104 693 136 H.
715 102 855 139 INDEX
876 102 1072 136 EPISTOL.
1096 101 1208 135 PHIL.
1232 100 1337 133 MEL.
1361 97 1700 132 ALPHABETICUS
1723 97 1809 130 PER
1832 97 1976 130 INITIA.

2092 98 2157 131 238

1218 198 1362 226 Assiduae
1385 197 1524 236 privatae.
1549 195 1586 230 V,
1611 195 1682 224 895.

1218 241 1310 269 Binas
1332 240 1430 268 literas
1452 239 1503 267 abs
1526 242 1562 266 te.
1587 237 1611 273 I,
1637 237 1708 266 906.

1219 283 1387 313 Consultius
1408 282 1479 311 mihi
1499 282 1600 310 visum.
1626 279 1678 313 IV,
1703 279 1774 309 963.

1219 327 1294 357 Cum
1316 335 1383 364 spes
1405 329 1521 353 ostensa
1539 327 1623 352 esset.
1646 322 1700 357 VI,
1725 322 1796 352 649.

1220 370 1317 398 Deum
1339 386 1381 389 —.
1404 367 1545 395 Basilium
1575 366 1670 394 etiam.
1700 365 1738 399 V,
1758 365 1829 394 859.

1221 413 1325 441 Donec
1354 419 1508 450 possumus
1532 409 1740 445 colloquamur.
1774 407 1843 443 ΥΠ,
1868 407 1917 437 92.

1221 455 1289 484 Duo
1313 453 1531 483 adolescentuli.
1557 452 1610 487 IV,
1636 452 1726 479 1035.

1221 499 1361 527 Erasmus
1384 501 1483 525 noster
1506 496 1560 523 erit
1583 495 1658 523 viva.
1682 493 1735 529 VI,
1761 492 1831 522 722.

1221 542 1260 570 Et
1280 540 1457 578 reipublicae
1481 547 1570 567 causa
1592 542 1621 566 et
1642 541 1763 575 propter
1785 540 1923 565 nostram.
1950 534 2034 572 VIII,
2058 537 2107 565 39.

1222 584 1285 612 Etsi
1308 584 1372 621 ipse
1395 583 1424 610 in
1449 582 1537 610 exilio
1556 581 1656 610 multo.
1682 579 1750 614 VII,
1773 579 1843 609 588.

1221 627 1286 655 Etsi
1308 634 1431 663 magnae
1454 624 1675 661 disputationes.
1701 622 1753 657 VI,
1778 622 1848 651 682.

1222 670 1368 698 Existimo
1387 669 1567 696 sacerdotem
1590 665 1719 694 missum.
1743 665 1796 701 IV,
1820 665 1890 693 967.

1222 712 1367 749 Exposuit
1389 711 1458 739 mihi
1481 715 1557 738 tuus.
1579 710 1631 744 IV,
1656 710 1726 738 963.

1223 753 1347 783 Gaudeo
1371 758 1400 782 et
1418 762 1482 792 ego.
1506 752 1695 790 Stephanum.
1720 751 1773 788 IV,
1799 752 1871 780 841.

1221 797 1296 826 Heri
1319 797 1419 835 accepi
1442 802 1506 825 tuas
1526 796 1625 824 literas
1648 789 1683 824 (3.
1706 795 1760 830 ΙΥ,
1786 795 1875 822 1014.

1221 840 1294 869 Heri
1313 841 1367 869 fuit
1386 840 1434 868 hic
1457 842 1582 868 Aureus.
1606 838 1660 873 IV,
1686 838 1757 866 966.

1220 883 1295 911 Heri
1314 884 1366 912 tibi
1389 883 1455 911 misi
1479 881 1712 919 descriptionem.
1737 880 1790 916 IV,
1814 880 1885 909 957.
1941 878 1943 880 ’

1220 926 1383 954 Historiam
1407 925 1625 962 Max-purgensis
1649 928 1816 952 conventus.
1841 922 1894 957 IV,
1918 922 1990 952 970.

1220 968 1288 997 Hoc
1310 968 1419 996 scilicet
1440 969 1476 996 ad
1496 976 1633 996 summos.
1656 967 1710 1001 IV,
1734 966 1804 995 958.

1221 1011 1255 1039 In
1278 1012 1502 1044 deliberatione,
1528 1020 1604 1047 quae
1628 1013 1737 1042 exstat,
1761 1008 1910 1045 elegimus.
1936 1006 2004 1043 ΥΠ,
2031 1008 2101 1036 147.

1220 1054 1255 1082 In
1279 1055 1334 1082 hac
1357 1058 1458 1081 nostra
1480 1057 1599 1081 senecta
1622 1053 1697 1080 idem
1721 1060 1881 1089 precemur.
1906 1049 1990 1086 VIIJ,
2013 1050 2082 1079 675.

1222 1097 1380 1125 Meministi
1405 1105 1502 1124 vocem
1527 1095 1581 1122 filii
1605 1095 1670 1122 Dei.
1694 1094 1731 1129 V,
1757 1095 1826 1122 853.

1221 1140 1293 1167 Mihi
1317 1140 1433 1176 quidem
1456 1139 1495 1166 mi
1519 1137 1552 1166 C.
1573 1138 1657 1165 facile
1679 1137 1782 1174 patiar.
1807 1137 1830 1172 I,
1855 1137 1926 1166 899.

1222 1183 1314 1210 Miror
1336 1187 1364 1209 te
1388 1181 1434 1209 hic
1457 1182 1590 1210 abiicere.
1616 1180 1669 1213 IV,
1694 1180 1766 1207 968.

1223 1226 1317 1253 Multa
1339 1230 1406 1253 sunt
1429 1224 1560 1252 illustria.
1586 1223 1638 1257 VI,
1666 1223 1734 1251 173.

1224 1268 1365 1296 Nicolaus
1384 1267 1502 1295 Dunkel
1527 1266 1666 1294 minister.
1691 1265 1744 1300 IV,
1765 1265 1836 1293 965.

1223 1310 1291 1339 Non
1321 1320 1389 1338 casu
1420 1319 1479 1338 non
1508 1318 1545 1337 cx
1574 1308 1746 1337 Democriti.
1772 1307 1855 1342 VIII,
1880 1308 1954 1336 351.

1223 1353 1287 1382 Nos
1309 1354 1365 1388 hic,
1389 1354 1428 1381 mi
1452 1351 1551 1389 Casp.,
1574 1349 1674 1379 Calae.
1700 1351 1752 1386 IV,
1780 1352 1870 1379 1035.

1222 1396 1313 1424 Nulla
1334 1406 1391 1424 vox
1414 1396 1569 1424 ardentior.
1597 1394 1678 1429 VIII,
1706 1395 1775 1423 140.

1223 1439 1359 1468 Nuncius
1383 1439 1466 1467 valde
1490 1438 1674 1476 properabat.
1699 1437 1750 1472 IV,
1775 1437 1844 1466 957.

1222 1482 1283 1510 Oro
1307 1500 1348 1503 —
1368 1483 1520 1510 Erasmum
1547 1481 1598 1509 tibi
1618 1480 1797 1509 commendo.
1818 1478 1901 1514 VIII,
1926 1479 1996 1508 690.

1223 1525 1309 1560 Quod
1331 1536 1377 1554 me
1399 1534 1511 1562 parum.
1536 1523 1590 1557 IV,
1614 1524 1685 1552 969.

1223 1569 1387 1605 Quotannis
1411 1568 1529 1596 brumae
1552 1571 1691 1604 tempore.
1717 1565 1769 1600 VI,
1794 1566 1864 1594 747.

1222 1612 1347 1649 Recipio
1371 1615 1449 1639 tuam
1472 1609 1707 1639 satisfactionem.
1733 1608 1757 1643 Ι,
1779 1608 1851 1637 922.

1223 1654 1414 1692 Reipublicae
1439 1662 1526 1682 causa
1549 1662 1649 1680 omnes
1673 1653 1750 1679 docti
1772 1652 1882 1687 lugent.
1908 1650 1991 1686 VIII,
2016 1652 2065 1680 89.

1223 1697 1333 1734 Scripsi
1353 1697 1404 1724 tibi
1428 1697 1473 1725 his
1497 1696 1647 1733 proximis.
1673 1695 1725 1727 IV,
1751 1695 1821 1723 961.

1223 1739 1442 1777 simplicissime
1466 1740 1520 1767 hoc
1539 1739 1670 1767 adfirmo.
1695 1737 1778 1772 VIII,
1803 1737 1873 1765 637.

1222 1781 1352 1812 Socratis
1377 1784 1484 1811 dictum
1515 1791 1577 1810 esse
1610 1782 1752 1810 scribitur.
1790 1779 1844 1815 IX,
1869 1780 1939 1809 672.

1222 1825 1379 1863 Speremus
1402 1835 1459 1854 non
1484 1825 1594 1862 procul.
1622 1824 1703 1858 VIII,
1725 1826 1796 1851 666.

1221 1870 1300 1897 Tuas
1324 1869 1423 1897 literas
1447 1869 1554 1897 curavi.
1578 1867 1630 1902 lV,
1653 1868 1724 1895 972.

1222 1912 1341 1940 Utinam
1370 1921 1428 1939 non
1452 1911 1544 1939 solum
1568 1920 1621 1947 per
1643 1910 1751 1937 literas.
1782 1908 1864 1943 VIII,
1884 1910 1955 1939 407.

1221 1955 1315 1983 Video
1339 1960 1366 1982 tc
1389 1955 1427 1982 mi
1451 1954 1538 1991 Casp.
1564 1959 1703 1982 veterum.
1732 1952 1780 1985 IV,
1806 1953 1877 1981 967.

1176 1998 1492 2035 Argentoratensi
1517 1995 1686 2024 Senatui:

1222 2042 1269 2075 &cv
1294 2042 1391 2080 gmeifle
1419 2038 1487 2070 nunt
1513 2044 1558 2069 Det
1583 2040 1663 2074 chrm.
1697 2039 1767 2072 «bert
1797 2038 1939 2066 Martinus
1965 2037 2068 2066 Bucer.
2100 2036 2154 2073 111,

1265 2085 1335 2112 608.

1177 2126 1565 2164 Argentoratensibus
1589 2123 1939 2153 concionatoribus,

1221 2171 1262 2199 ΘΒ
1281 2171 1327 2205 Dat
1345 2171 1390 2199 bet
1409 2169 1495 2205 &obn
1514 2169 1624 2197 OEottess.
1650 2167 1689 2202 X,
1712 2167 1779 2195 172.

1220 2212 1383 2249 Utrumque
1411 2211 1557 2250 praedixit
1586 2210 1662 2238 filius
1684 2209 1750 2238 Dei.
1776 2208 1844 2244 VII,
1873 2210 1944 2238 767.

1177 2256 1446 2284 Arnstadiensi
1468 2253 1636 2283 Senatui:

1226 2299 1258 2327 ᾇ.
1279 2300 1312 2328 (Ξ.
1334 2300 1377 2328 ‹11ss
1397 2298 1560 2334 uctstciubige
1574 2296 1736 2333 (Stitistlicbe.
1769 2294 1878 2324 marum
1898 2295 1966 2333 tbut.
1991 2294 2059 2329 VII,
2084 2295 2156 2325 763.

1177 2343 1316 2377 Aucto,
1336 2341 1529 2369 Matthiae:

1220 2384 1349 2412 Rediens
1371 2393 1408 2424 ex
1432 2383 1582 2412 Conventu
1606 2381 1785 2419 Principum.
1810 2381 1864 2417 III,
1890 2382 1960 2411 702.

1219 2426 1287 2456 Scio
1310 2433 1338 2454 te
1362 2428 1453 2454 virum
1478 2425 1641 2453 excellenti.
1664 2424 1714 2460 IV,
1739 2426 1829 2453 1051.

1177 2471 1345 2507 Augusta
1368 2468 1659 2497 vindelicorum.
1706 2470 1737 2503 a)
1760 2466 1934 2496 Senatui:

1220 2512 1337 2542 Diemess
1357 2515 1401 2541 'oet
1421 2516 1482 2549 gnte
1508 2513 1559 2540 aue
1584 2511 1685 2539 ffliaun.
1705 2509 1788 2545 VIII,
1811 2511 1861 2539 41.

1221 2557 1253 2584 Εἰ.
1274 2557 1306 2585 ΕΞ.
1328 2555 1434 2589 &ttulit
1458 2554 1509 2584 bat
1530 2555 1565 2585 im
1598 2554 1625 2582 in
1656 2554 1754 2590 ἷυτςςα.
1778 2552 1845 2588 VII,
1872 2553 1962 2581 1094.
