2299 2921
141 149 206 183 349
775 146 814 179 11.
837 145 1024 178 INDICES.
1066 144 1091 176 1.
1113 143 1255 176 INDEX
1277 140 1529 175 CARMlNUM.
2099 139 2164 172 350

141 245 190 274 De
211 243 338 273 lectione
360 242 485 272 Homeri
510 243 583 271 483.
1185 237 1310 268 Carmen
1331 237 1501 272 recitatum,
1530 245 1595 265 cum
1626 240 1793 264 crearentur
1815 234 1962 264 Doctores
1989 235 2164 272 medicinae,

141 288 191 317 Ex
214 287 342 317 secundo
366 286 476 314 Iliados
502 285 574 314 484.
1227 291 1246 310 a
1267 290 1369 319 puer0,
1391 284 1424 308 ut
1445 288 1509 308 mos
1531 284 1585 315 est,
1608 279 1637 307 in
1661 278 1784 307 solemni
1806 278 2023 306 renuntiatione
2046 279 2119 308 514.

142 331 191 360 Ex
213 329 323 358 Iliados
345 329 421 357 libro
444 332 541 363 sexto,
564 327 678 357 Hector
701 327 774 358 484.
1182 324 1218 353 In
1240 324 1420 358 Lasciuium,
1444 323 1680 361 proscindentem
1704 325 1851 350 mortuum
1873 320 2038 349 Hutteuum
2061 321 2134 351 514.

142 373 190 402 De
214 371 330 401 Achille
352 372 427 400 libro
447 381 527 400 nono
550 369 661 400 Iliados
682 370 754 400 485.
1182 367 1317 396 Precatio
1340 366 1539 395 Numerorum
1561 365 1615 394 VI.
1640 365 1712 395 515.

142 416 314 445 Mandatum
337 414 420 442 Pelei
443 414 551 452 patris,
582 423 640 450 quo
664 413 800 442 Achillea
826 413 863 442 ad
891 413 1056 442 comitatem
1079 412 1129 441 ad-
1152 414 1156 436 1
1181 410 1217 438 In
1235 410 1392 447 imaginem
1416 408 1571 437 Iustiniani
1596 408 1669 437 515.

186 459 319 486 hortatus
343 461 401 491 est3
424 457 473 487 lib.
499 455 554 484 IX.
579 456 664 484 Iliad.
689 457 760 486 485.
1181 451 1391 493 Προπεμτικόν
1413 453 1444 480 in
1467 452 1627 480 discessum
1650 450 1770 478 Ioannis
1788 448 1980 477 Reiffenstein
2005 447 2077 478 516.

142 501 191 530 Ex
212 500 336 528 Homeri
359 499 444 529 Iliad.
473 499 538 528 Lib.
561 498 618 527 IX.
642 498 715 528 486.
1182 496 1318 525 Psalmus
1336 495 1388 523 IV.
1414 495 1486 523 517.

143 544 366 583 Κηριοκλέπϊης
391 542 555 583 Θεοκρίτου
577 542 650 570 486.
1182 538 1320 568 Psalmus
1342 536 1408 567 CX.
1434 538 1506 567 517.

143 586 180 615 In
202 587 457 623 vituperationem
480 589 663 613 mercaturae
687 584 759 614 486.
1184 581 1318 610 Psalmus
1341 578 1422 608 CXI.
1444 580 1515 609 519.

144 631 193 658 Ad
213 629 405 658 Guilielnium
429 629 579 657 Nesenum
604 628 677 656 487.
1184 624 1321 653 Psalmus
1341 621 1489 651 LXXXI.
1514 622 1586 650 519.

144 672 246 710 Apelli
270 672 341 701 487.
1183 667 1319 696 Psalmus
1342 664 1519 693 LXXXIV.
1543 664 1614 693 520.

145 715 282 744 Psalmus
305 712 464 743 CXXVII.
490 713 561 741 488.
1184 708 1352 738 Sententiae
1375 707 1541 737 Salomonis
1565 715 1603 734 ex
1625 706 1719 744 primo
1743 704 1839 743 capite
1859 704 1932 734 521.

149 758 197 797 Τῇ
219 756 369 799 Εὕσεβείᾳ
391 756 549 794 [Ioachimi
572 755 734 784 camerarii
757 754 885 793 carmen]
910 755 981 784 489.
1185 752 1308 782 Cantica
1331 751 1519 780 Canticorum
1542 754 1629 787 eaput
1651 749 1675 777 I.
1701 748 1772 778 524.

146 801 280 829 Thomae
301 799 443 827 Blaurero
467 799 540 828 490.
1184 796 1315 824 Primum
1340 798 1427 832 caput
1451 793 1592 830 epistolae
1615 793 1652 820 ad
1677 792 1871 821 Colossenses
1895 790 1967 820 524.

146 843 337 880 Epitaphium
360 842 441 870 Petri
464 841 619 870 Mosellani
644 841 715 870 491.
1184 838 1314 866 Primum
1339 841 1426 874 caput
1448 837 1485 864 ad
1507 836 1695 864 Timotheum
1720 835 1792 864 525.

146 885 341 923 Epitaphium
366 883 517 913 Guilielmi
540 884 653 913 Neseni
676 884 748 913 491.
1185 882 1233 909 Ad
1252 881 1354 909 Ionam
1375 880 1447 908 527.

146 928 258 957 Uliano
283 928 354 957 492.
1185 924 1234 952 Ad
1256 923 1359 952 Ionam
1381 921 1452 950 528.

149 971 185 999 In
208 970 307 998 officia
329 968 481 999 Ciceronis
505 969 575 999 492.
1185 966 1322 995 Chiliano
1344 963 1528 1002 (Goldstein)
1553 962 1625 992 528.

148 1013 185 1041 In
202 1012 388 1051 Decalogum
413 1013 484 1042 492.
1185 1009 1233 1037 Ad
1254 1018 1352 1047 regem
1375 1006 1522 1045 poeticum
1544 1006 1575 1034 in
1598 1005 1734 1034 convivio
1759 1004 1830 1034 529.

150 1057 323 1085 Benedictio
342 1065 459 1084 mensae
483 1056 556 1084 493.
1186 1052 1372 1080 Prooemium
1394 1049 1582 1087 Depositoris
1601 1047 1846 1085 Witebergensis‚
1868 1051 1900 1075 ut
1921 1049 2036 1081 vocant,
2057 1045 2088 1073 in
2110 1045 2168 1074 ritu

150 1098 319 1127 Gratiarum
343 1099 419 1126 actio
442 1102 509 1136 post
531 1098 627 1126 eibum
650 1101 795 1133 sumptum
820 1096 891 1125 493.
1229 1094 1391 1122 initationis
1414 1102 1557 1120 novorum
1581 1089 1832 1119 scholasticorum
1856 1089 1927 1119 529.

149 1142 185 1170 In
208 1143 359 1179 Aesopum
382 1141 561 1178 epigramma
581 1140 699 1168 Ebnero
722 1139 861 1176 scriptum
884 1139 955 1169 493.
1186 1137 1272 1165 Iocus
1295 1135 1425 1164 Nasonis
1448 1136 1478 1162 in
1502 1135 1699 1172 importunum
1722 1134 1828 1161 ianuae
1850 1132 2027 1170 pulsatorem
2051 1131 2124 1159 530.

149 1185 199 1213 Ad
222 1193 320 1221 regem
344 1193 468 1221 puerum
494 1184 564 1212 494.
1187 1179 1222 1207 In
1244 1177 1395 1207 Ciceronis
1418 1178 1454 1205 de
1478 1181 1594 1204 oratore
1617 1176 1707 1204 libros
1732 1176 1802 1204 530.

149 1228 198 1255 Ad
217 1236 314 1263 regem
337 1227 523 1264 (puerorum)
547 1226 619 1255 495.
1186 1222 1220 1250 In
1244 1222 1348 1249 librum
1371 1220 1408 1249 V.
1434 1220 1605 1247 Ethicorum
1625 1218 1795 1247 Aristotelis
1825 1217 1861 1245 ad
1886 1214 1973 1245 Doct.
2000 1214 2168 1244 chilianum

149 1270 197 1298 Ad
220 1269 444 1297 Wallorhodum
469 1269 540 1297 495.
1231 1263 1388 1293 Goldstein
1413 1264 1484 1291 530.

150 1312 185 1339 In
209 1312 380 1340 Terentium
405 1312 477 1340 496.
1187 1306 1321 1336 Carmen]
1345 1315 1403 1344 quo
1427 1305 1524 1334 solent
1536 1303 1649 1341 pueruli
1669 1304 1706 1331 ad
1719 1303 1847 1332 studium
1870 1303 2021 1331 literarum
2033 1303 2063 1330 in
2083 1301 2169 1330 scho-

150 1355 297 1392 Prologus
315 1355 345 1382 in
369 1354 546 1383 Eunuchum
572 1353 643 1382 496.
1229 1351 1288 1378 lam
1311 1349 1425 1377 evocari
1449 1348 1498 1376 dic
1521 1346 1659 1383 Gregorii
1684 1347 1755 1375 531.

150 1397 297 1435 Prologus
321 1398 350 1425 iu
373 1397 495 1426 militem
514 1396 613 1424 Plauti
637 1396 708 1425 497.
1187 1394 1234 1421 Ad
1258 1393 1368 1421 Iustum
1392 1391 1521 1419 Meuium
1543 1390 1699 1427 Philippus
1724 1390 1795 1418 531.

151 1441 297 1477 Prologus
319 1441 348 1468 in
372 1441 516 1468 Andriam
539 1439 670 1467 Terentii
695 1439 766 1468 498.
1187 1436 1377 1473 Epitaphium
1402 1434 1454 1462 filii
1474 1434 1519 1461 sui
1543 1432 1665 1470 Georgii
1686 1432 1758 1461 532.

150 1483 298 1520 Prologus
320 1484 351 1511 in
374 1482 526 1510 Hecubam
547 1482 697 1519 Euripidis
720 1482 792 1511 499.
1188 1480 1376 1516 Epigramma
1395 1478 1470 1505 Phil.
1486 1476 1624 1505 Melanth.
1649 1476 1685 1503 ad
1705 1474 1867 1512 Georgium
1886 1471 2079 1511 Spalatinum‚
2103 1482 2170 1501 cum

150 1525 297 1562 Prologus
318 1527 347 1553 in
366 1526 526 1563 Thyestem
550 1523 680 1553 Senecae
704 1525 774 1552 500.
1230 1522 1358 1550 redirent
1376 1520 1537 1554 Luthcrus,
1568 1519 1740 1556 Philippus,
1764 1517 1867 1552 Ionas,
1898 1515 2039 1554 Cruciger
2068 1519 2096 1543 et
2118 1515 2169 1543 alii

151 1568 297 1605 Prologus
319 1569 349 1596 in
373 1568 582 1596 Phormionem
605 1567 736 1596 Terentii
761 1567 831 1596 500.
1231 1564 1414 1601 eColloquio
1429 1562 1640 1599 Marburgensi,
1665 1562 1713 1589 ubi
1736 1560 1914 1588 tractabatur
1931 1568 1979 1588 res
2003 1567 2169 1587 sacramen-

152 1611 228 1640 Phil.
248 1611 419 1639 Melanthon
442 1611 518 1640 Iulio
542 1610 650 1648 Pflugk
674 1611 745 1639 501.
1230 1609 1304 1635 taria
1329 1607 1400 1635 532.

152 1653 343 1691 Epitaphium
362 1654 519 1689 Friderici,
540 1652 634 1682 Ducis
652 1652 811 1685 saxoniae,
825 1652 970 1691 Principis
989 1652 1134 1681 Electoris
1187 1651 1221 1679 In
1252 1650 1473 1689 dispositionem
1498 1646 1640 1685 epistolae
1663 1647 1701 1674 ad
1723 1645 1888 1680 Romanos,
1908 1645 1945 1673 ad
1968 1644 2006 1673 D.
2028 1644 2100 1673 Iust.
2122 1643 2171 1672 Io-

197 1701 251 1726 etc.
279 1697 349 1726 502.
1229 1703 1296 1721 nam
1319 1693 1391 1722 533.

153 1740 259 1768 Ioanni
279 1739 470 1768 Reiffenstein
492 1740 563 1768 503.
1186 1735 1307 1764 Summa
1329 1735 1478 1764 doctrinae
1501 1733 1687 1763 Christianae
1710 1731 1747 1760 ad
1778 1731 1858 1769 piam
1889 1731 2070 1759 iuventutem
2095 1730 2167 1759 533.

152 1783 201 1810 Ad
222 1782 324 1810 Ianum
348 1784 380 1819 (i.
401 1793 424 1811 e.
448 1783 528 1811 Ioan.
551 1782 759 1819 Reiffenstein)
785 1782 856 1811 504.

153 1825 257 1853 Ioanni
282 1826 419 1853 Eislebcn
449 1827 519 1855 504.

154 1868 202 1896 Ad
226 1868 362 1895 Amicum
387 1869 458 1896 505.

154 1911 203 1938 Ad
226 1909 329 1938 Ionam
355 1911 426 1938 505.

154 1953 204 1981 Ad
227 1952 331 1981 Ionam
355 1953 426 1982 506.

153 1996 201 2024 Ad
224 1996 327 2023 Ionam
352 1996 423 2025 506.

153 2038 188 2066 In
207 2039 323 2066 hortum
341 2037 431 2066 Ionae
455 2038 526 2068 506.

1187 1781 1235 1807 Ad
1259 1778 1429 1815 Grynaeum
1456 1778 1525 1806 534.

1186 1823 1289 1850 Betzio
1314 1822 1385 1850 534.

1187 1864 1318 1901 Georgio
1340 1865 1471 1892 Breuner
1495 1863 1566 1890 535.

1186 1908 1315 1945 Eclipsis
1338 1905 1416 1935 Solis
1437 1905 1505 1933 anni
1532 1903 1621 1933 1532.
1647 1903 1674 1930 d.
1696 1902 1744 1930 30.
1769 1901 1864 1939 April.
1886 1902 1916 1930 in
1937 1901 2057 1929 meridie
2078 1901 2150 1930 535.

1186 1950 1375 1988 Epitaphium
1421 1949 1530 1977 Illustr.
1568 1946 1716 1983 Principis
1766 1943 1861 1973 Ducis
1904 1943 2024 1973 Ioannis
2057 1942 2170 1972 Saxon.

1230 1993 1374 2021 Electoris
1400 1992 1470 2021 536.

1187 2036 1221 2063 In
1257 2036 1441 2072 sepulchrum
1483 2032 1617 2070 (Ioannis
1659 2029 1753 2059 Ducis
1785 2029 1879 2058 Elect.
1921 2027 2031 2059 Saxon.
2072 2029 2170 2057 Princ.

1231 2079 1341 2111 Elect.)
1367 2078 1439 2106 536.

1187 2121 1376 2159 Epitaphium
1402 2120 1537 2148 dominae
1561 2117 1737 2155 Margaritae
1760 2114 1906 2144 Ducissae
1927 2113 2075 2144 Saxoniae
2100 2114 2171 2142 537.

1188 2165 1222 2192 In
1246 2164 1350 2192 Ethica
1373 2164 1444 2192 537.

1188 2207 1319 2245 Eclipsis
1342 2205 1455 2240 Lunae,
1474 2215 1499 2233 a.
1523 2204 1614 2232 1533.
1637 2202 1664 2231 d.
1689 2203 1717 2229 4.
1745 2202 1822 2238 Aug.
1848 2201 1919 2230 538.

1188 2250 1235 2278 De
1259 2250 1351 2277 initiis
1372 2249 1522 2277 doctrinae
1543 2245 1683 2283 physicae.
1705 2244 1776 2273 539.

1188 2293 1223 2320 In
1246 2293 1426 2329 Philippicas
1448 2289 1660 2319 Demosthenis
1684 2287 1755 2316 539.

1186 2335 1316 2374 Eclipsis
1339 2333 1415 2363 Solis
1442 2335 1531 2362 1534.
1557 2332 1585 2360 d.
1611 2331 1658 2360 14.
1680 2329 1807 2358 Ianuarii
1831 2329 1903 2358 539.

150 2379 199 2408 Ex
222 2380 340 2409 Psalmo
363 2379 476 2408 CXIX.
497 2380 568 2409 510.
1185 2378 1314 2417 Eclipsis
1334 2377 1436 2405 Lunae
1459 2377 1485 2405 d.
1509 2376 1559 2405 29.
1584 2374 1647 2403 Ian.
1670 2373 1760 2402 1534.
1784 2373 1856 2401 540.

150 2423 285 2451 Psalmus
308 2421 450 2452 CXVIII.
475 2423 546 2453 510.
1186 2422 1235 2450 Ad
1257 2421 1418 2449 Milichium
1443 2420 1514 2448 540.

150 2465 284 2493 Psalmus
303 2464 401 2493 CXII.
428 2467 499 2495 511.
1159 2461 1162 2499 Ι
1187 2465 1234 2492 Ex
1264 2465 1411 2501 Antigone
1441 2460 1612 2499 Sophoclis,
1657 2459 1706 2488 ubi
1733 2458 1888 2495 exponitur
1918 2458 2026 2486 dictum
2059 2456 2173 2486 Biantis

149 2507 287 2536 Psalmus
306 2508 403 2537 CXII.
427 2508 498 2536 512.
1231 2504 1309 2545 ἅρχα
1331 2504 1381 2534 τὸν
1405 2502 1499 2544 ἄνδρά
1523 2502 1614 2541 δείξει
1639 2505 1710 2532 541.

149 2550 286 2579 Psalmus
309 2550 471 2580 CXXXII.
497 2550 558 2587 [Ps.
586 2549 660 2588 133]
687 2550 758 2579 513.
1186 2549 1235 2577 Ex
1258 2548 1405 2586 Sophocle
1430 2548 1502 2577 542.

149 2592 196 2622 De
217 2594 431 2622 adolescentiae
454 2593 638 2622 institutione
661 2598 689 2621 et
711 2592 807 2622 studio
831 2592 904 2620 513.
1186 2591 1233 2620 De
1257 2592 1392 2620 cantione
1415 2591 1611 2629 Angelorum:
1635 2587 1740 2617 Gloria
1761 2589 1792 2617 in
1816 2587 1941 2616 excelsis
1964 2585 2043 2614 Deo!
2069 2583 2140 2613 542.

152 2082 201 2109 Ad
221 2081 327 2109 Pinum
353 2082 424 2112 507.

152 2124 200 2152 Ad
224 2124 328 2152 Ionam
353 2124 424 2153 507.

151 2167 200 2194 Ad
222 2166 325 2194 Ionam
346 2167 417 2196 507.

151 2209 200 2237 Ad
223 2208 407 2246 Spalatinum
432 2209 504 2238 508.

150 2250 407 2289 Longieampiano
427 2253 499 2281 508.

150 2294 287 2323 Psalmus
305 2294 418 2323 LXVI.
443 2295 514 2323 509.

150 2336 186 2365 In
209 2337 344 2366 Psalmos
366 2336 490 2365 Davidis
511 2337 582 2366 509.
