2299 2921
159 106 221 138 351

162 200 195 228 In
226 200 368 228 tumulum
392 199 494 227 Ioann.
519 198 651 232 Ernesti,
675 197 766 225 Ducis
789 195 878 231 Sax.,
898 197 947 233 qui
974 196 1070 225 infans
1093 196 1142 223 de-

204 243 290 271 cessit
309 251 385 270 anno
412 242 503 270 1535.
528 242 599 269 543.

160 285 318 314 Francisco
351 284 540 318 Burchardo,
573 283 777 318 Wimariensi,
810 283 840 310 in
877 282 974 310 aulam
996 281 1142 319 Principis

205 328 358 364 Electoris,
381 332 413 355 ut
431 325 705 360 Vicecancellarius,
728 330 832 354 vocato
857 325 927 353 544.

161 371 209 400 Ex
227 372 319 398 Arato
343 371 379 397 de
399 369 528 398 Cometis
552 369 623 396 544.

161 414 317 450 Philippus
339 412 511 440 Melanthon
536 411 607 439 545.
1165 396 1170 459 ι

161 455 197 484 In
218 456 340 483 Homeri
363 455 517 487 lectionem
542 453 612 481 545.

160 497 208 526 De
243 498 365 526 diversis
403 496 557 534 generibus
590 496 705 524 dicendi
733 505 770 524 ex
799 495 854 523 111.
889 495 997 523 Iliados
1020 494 1142 522 Homeri

162 582 264 611 Oratio
287 582 441 610 Diomedis
464 582 500 609 ad
524 580 636 617 Regem
658 590 695 608 ex
717 590 797 609 nono
821 580 929 609 Iliados
953 581 1024 609 546.

161 625 196 653 In
218 625 372 653 lectionem
395 624 474 652 Livii
497 624 568 652 547.

161 667 197 696 In
220 668 318 696 officia
340 666 489 696 Ciceronis
514 666 586 695 547,

161 710 261 739 Locus
285 710 406 739 Homeri
430 707 537 747 Odyss.
560 707 598 736 II.
623 706 778 747 Σχεδόθεν
801 713 855 737 etc.
876 709 947 738 548.

162 753 197 782 In
217 754 374 790 imaginem
398 752 546 780 Illustriss.
570 752 669 780 Princ.
694 750 826 789 Georgii,
851 751 997 789 Principis
1026 752 1057 780 in
1081 752 1142 779 An-

206 796 268 824 halt
292 800 319 823 et
342 795 472 824 Ascania
493 801 545 822 etc.
566 795 637 823 548.

163 839 197 867 In
221 839 378 876 imaginem
402 837 605 875 Christophori
629 838 700 867 549.

162 882 298 910 Precatio
323 882 394 910 549.

163 925 250 953 Iocus
283 925 321 952 ad
349 922 511 961 Georgium
540 921 738 960 Spalatinum,
773 923 823 960 qui
858 931 923 950 cum
951 922 1073 950 Lutheri
1107 931 1143 949 ex

206 976 306 996 sorore
329 972 416 1004 nepte
439 966 540 994 eodem
564 974 649 993 curru
668 969 766 993 vectus
790 975 827 994 ex
850 969 993 993 conventu
1012 963 1144 994 Schmal-

208 1010 348 1044 caldensi,
371 1009 515 1037 conducta
535 1008 592 1036 alia
612 1008 716 1043 rheda,
744 1013 776 1036 ut
795 1007 959 1036 Lutherum
983 1013 1010 1036 et
1032 1007 1144 1045 Philip-

208 1062 292 1091 pum,
322 1061 394 1089 quos
418 1051 555 1089 perendie
577 1051 704 1088 hospitio
728 1055 900 1089 excepturus
922 1056 999 1085 erat,
1028 1055 1144 1079 anteve·

208 1096 293 1129 niret,
317 1104 418 1123 everso
441 1104 527 1123 curru
549 1094 579 1121 in
602 1093 694 1122 lutum
718 1095 862 1131 proiectus
884 1094 939 1122 fuit
963 1094 1034 1122 549.
1165 779 1173 1104 i

166 1139 213 1167 Ex
236 1138 376 1175 Euripide
398 1138 428 1164 in
452 1137 621 1164 Phoenissis
646 1137 716 1165 550.

166 1181 323 1218 Euripides
346 1181 374 1208 in
399 1180 568 1208 Phoenissis
593 1180 663 1208 550.

165 1224 363 1252 Rhadamanti
385 1223 434 1250 lex
453 1222 570 1250 talionis
591 1231 627 1249 ex
652 1222 726 1250 libro
739 1221 773 1248 V.
807 1222 902 1249 Ethic.
925 1221 1047 1250 Aristot.
1072 1222 1142 1249 551.

166 1267 214 1295 Ex
236 1266 442 1294 Demosthenis
462 1265 592 1293 oratione
611 1265 681 1305 περὶ
703 1262 849 1303 στεφάνου
874 1264 944 1292 551.

165 1309 213 1338 Ex
236 1309 444 1337 Demosthenis
466 1308 598 1336 oratione
621 1308 657 1335 de
680 1316 788 1335 corona
812 1306 884 1336 552.

170 1352 260 1381 1538.
298 1351 334 1380 D.
358 1351 433 1379 Phil.
458 1351 629 1379 Melanthon
651 1350 681 1378 id
703 1349 843 1387 temporis
867 1348 974 1377 Rector
998 1348 1068 1378 552.

121 1392 123 1395 ’
168 1395 215 1423 Ex
260 1395 390 1422 oratione
424 1393 634 1421 Demosthenis
668 1394 704 1420 de
744 1392 909 1430 corruptela
940 1392 969 1420 in
1001 1393 1147 1429 legatione

168 1480 203 1508 In
226 1480 387 1517 Epicedion
411 1479 578 1507 Melchioris
601 1479 718 1506 Acontii
744 1478 781 1506 dc
804 1478 927 1506 Erasmo
951 1477 1147 1506 Roterodamo

211 1524 349 1560 scriptum
374 1523 445 1551 553.

168 1566 359 1603 Praeceptum
384 1563 506 1603 ὑγιείνου
531 1565 601 1594 553.

168 1607 287 1638 Solonis
311 1609 415 1645 elegia,
440 1609 528 1635 citata
551 1617 568 1634 a
590 1607 798 1641 Demosthene,
823 1607 859 1634 de
882 1607 977 1635 causis
1001 1616 1075 1644 quae
1099 1607 1148 1635 ad-

212 1652 308 1680 serunt
336 1652 457 1680 exitium
484 1650 583 1688 regnis
611 1654 640 1678 et
666 1650 781 1687 magnis
799 1649 981 1681 civitatibus,
1009 1658 1150 1678 conversa

213 1704 230 1722 a
248 1694 302 1722 Ph.
327 1694 394 1722 Mel.
414 1694 485 1723 554.

169 1737 205 1766 In
228 1736 358 1766 Cornelii
379 1737 475 1765 Taciti
504 1735 631 1764 libellum
663 1736 700 1763 de
722 1735 854 1764 moribus
877 1734 1093 1764 Germanorum
1115 1736 1151 1763 ad

212 1780 315 1809 Ioann.
339 1780 500 1808 Lutherum
525 1779 596 1807 555.

170 1823 319 1852 Hesiodus
340 1823 390 1851 lib.
414 1821 474 1851 IL:
495 1823 552 1861 ἐργ.
577 1822 627 1850 καὶ
650 1819 733 1861 ἢμερ.
758 1822 829 1850 555.

170 1866 219 1894 Ex
243 1866 389 1895 Hesiodo:
423 1864 474 1901 τῆς
509 1863 541 1893 δὲ
569 1862 674 1904 ἀρετῆς
708 1861 819 1903 ἱδρῶτα
848 1865 917 1893 θεοὶ
939 1862 1152 1903 προπάροιθεν

214 1908 328 1945 ἔθηκαν
349 1908 419 1937 556.

172 1952 283 1980 Versus
306 1950 441 1984 Hesiodi,
465 1958 538 1987 quos
556 1949 720 1977 Aeschines
743 1948 894 1977 oraculum
912 1950 1058 1978 nominat:
1080 1950 1153 1978 πολ-

215 1993 301 2028 λάκις
324 1991 467 2031 ξυμηπᾰσα
495 1989 585 2026 πόλις
612 1990 703 2021 κακοῦ
726 1989 833 2031 ἀνδρὸς
855 1993 978 2031 ἐπαυρεῖ
999 1997 1051 2021 etc.
1081 1993 1152 2021 556.

172 2037 362 2074 Epitaphium
388 2035 427 2064 D.
450 2034 537 2073 Casp.
561 2035 744 2063 Lindemann
768 2035 838 2064 557.

172 2079 360 2117 Epitaphium
383 2078 464 2107 Ioan.
487 2088 505 2106 a.
528 2079 667 2115 Mingvitz
692 2077 763 2107 557.

172 2123 221 2151 Ad
242 2122 402 2150 studiosam
422 2122 602 2149 iuventutem
626 2121 697 2149 557.

174 2164 224 2192 Ιι]”
233 2165 376 2193 tumulum
399 2162 527 2192 Chiliani
550 2164 693 2198 Metzleri,
717 2162 955 2191 Vratislaviensis
979 2164 1049 2192 559.

174 2207 268 2236 Filiae
291 2207 431 2246 praefecti
453 2206 601 2235 Saxoniae
625 2207 697 2234 559.

175 2251 311 2279 Precatio
335 2251 488 2287 desumpta
510 2259 547 2278 ex
570 2258 634 2286 cap.
663 2249 709 2278 16.
735 2248 833 2276 Lucae
856 2249 892 2276 de
912 2248 1026 2277 Lazaro
1051 2250 1120 2278 559.

176 2292 357 2330 significatio
380 2293 516 2321 feriarum
540 2293 612 2321 559.

175 2336 321 2373 Aenigma
360 2335 542 2373 propositum
584 2344 601 2362 a
641 2334 777 2371 Philippo
817 2334 1004 2363 Melanthone
1041 2334 1157 2363 cuidam

219 2379 313 2407 amico
336 2379 406 2407 560.

177 2420 212 2449 In
235 2421 370 2449 Psalmos
392 2420 516 2449 Davidis
540 2420 610 2448 560.

177 2464 289 2492 Psalmi
312 2464 397 2501 primi
419 2463 607 2501 paraphrasis
630 2463 702 2491 561.

177 2504 289 2534 Concio
312 2506 422 2535 Christi
445 2516 482 2534 ex
505 2506 623 2534 Psalmo
642 2504 681 2533 H.
707 2506 778 2534 561.

178 2548 293 2578 Iocaste
316 2549 393 2586 apud
412 2548 581 2587 Euripidem
604 2548 641 2576 ad
662 2547 755 2576 filium
777 2547 926 2577 Eteoclem
950 2548 1022 2578 561.

808 101 995 133 PHILIPPI
1024 97 1341 132 MELANTHONIS
1367 97 1531 129 OPERA.

2108 79 2172 128 332

1195 192 1303 221 Ceteos
1332 193 1422 220 fuisse
1448 194 1478 220 in
1505 193 1578 221 locis
1608 193 1710 221 vicinis
1729 192 1934 228 Macedoniae,
1966 202 2004 221 ex
2030 192 2172 228 Homero,

1238 234 1344 273 Odyss.
1365 234 1405 264 ΙΙ.
1428 235 1613 264 manifestum
1637 241 1680 263 est
1703 235 1774 265 562.

1193 277 1229 305 In
1250 278 1355 306 itinere
1377 278 1544 307 Vinariensi
1563 279 1692 316 precatio
1718 278 1788 307 562.

1193 319 1286 348 Paulo
1308 320 1405 349 Ebero
1429 320 1499 350 562.

1194 362 1252 390 Pro
1274 363 1414 391 ineolumi
1436 363 1532 391 reditu
1555 363 1685 401 precatio
1709 363 1780 393 563.

1194 404 1375 433 Wormatiae
1398 415 1474 434 anno
1501 407 1590 436 1540.
1626 404 1737 435 Simoni
1762 405 1900 443 Grynaeo
1924 402 1996 436 563.

1194 448 1331 518 Angeia?
1357 448 1532 519 5(gilmitiano
1564 448 1722 478 Iuriscons.
1758 449 1898 486 scriptum
1936 448 2116 478 wormatiae
2147 459 2174 478 a.

1194 533 1288 560 Andr.
1311 533 1475 562 Camitiano
1507 534 1686 563 Wormatiae
1711 535 1746 562 de
1775 534 1867 572 ipsius
1897 535 2003 570 natali,
2031 544 2056 563 a.
2082 534 2173 564 1540.

1238 575 1285 603 die
1310 576 1448 605 Andreae
1473 578 1544 606 564.

1195 617 1318 688 Erffio
1350 619 1468 647 Ebnero
1502 621 1657 657 apparanti
1689 629 1809 648 coenam
1838 619 1931 658 po'etis
1960 619 2173 657 (Wormatiae)

1196 700 1332 732 Chiliano
1358 702 1514 732 Goldstein
1548 704 1675 733 Ioannes
1705 704 1850 733 sturmius
1873 705 2053 734 Wormatiae
2083 710 2113 733 et
2133 714 2176 734 re-

1240 746 1361 783 sponsio
1386 746 1461 774 Phil.
1485 747 1623 775 Melanth.
1649 747 1719 776 565.

1196 787 1350 826 Philippus
1368 788 1537 817 Melanthon
1556 791 1669 826 (1540)
1694 789 1764 819 566.

1196 829 1458 860 Concionatoribus
1481 831 1747 869 Noribergensibus
1767 832 1945 861 wormatiae
1969 833 2040 862 567.

1195 873 1319 902 Erasmo
1342 874 1459 902 Ebnero
1483 874 1662 903 Wormatiae
1687 875 1758 904 567.

1197 915 1319 944 Doctori
1342 916 1508 945 Comitiano
1529 917 1650 955 Lipsiae
1674 918 1745 946 568.

1196 957 1243 986 De
1261 958 1361 986 Thebe
1379 958 1527 989 Saxonica
1546 960 1700 998 (oppidulo
1714 959 1834 998 Dfiben)
1853 962 1882 989 in
1900 961 1995 990 reditu
2014 970 2052 988 ex
2070 960 2178 989 itinere

1240 1001 1384 1030 Wormat.
1408 1003 1479 1032 569.

1198 1043 1243 1072 De
1266 1053 1343 1081 pago
1366 1045 1465 1072 Melan
1486 1055 1578 1083 prope
1601 1045 1718 1074 Thebas
1742 1045 1904 1075 Saxonicas
1929 1046 2000 1075 569.

1197 1086 1243 1114 De
1268 1087 1368 1124 eclipsi
1390 1087 1491 1115 Lunae
1514 1088 1609 1116 futura
1632 1089 1659 1116 d.
1686 1088 1732 1117 12.
1755 1089 1838 1117 Mart.
1862 1090 1953 1118 1541.
1983 1089 2088 1126 Elegia
2106 1089 2178 1117 570.

1198 1129 1361 1159 Detestatio
1384 1130 1580 1168 negligentiae
1600 1140 1635 1159 ex
1657 1131 1761 1168 Capite
1786 1132 1834 1160 17.
1859 1131 1957 1160 Exodi
1983 1132 2053 1161 570.

1198 1171 1244 1199 De
1266 1172 1390 1200 lectione
1413 1173 1597 1202 Psalmorum
1622 1173 1746 1201 Davidis
1771 1175 1842 1204 571.

1198 1212 1323 1242 Collatio
1347 1215 1382 1242 de
1400 1215 1593 1253 Impositione
1615 1225 1756 1244 manuum
1778 1217 1808 1244 in
1831 1217 1990 1245 dedicando
2009 1215 2175 1252 Sacerdote,

1242 1262 1271 1284 et
1293 1257 1456 1286 dedicanda
1480 1259 1597 1286 victima
1620 1248 1692 1287 57¹2.

1198 1298 1512 1371 Somgiumffllghilippi
1556 1301 1591 1329 de
1624 1301 1740 1339 hyaena
1771 1302 1801 1329 in
1833 1301 1956 1330 comitiis
1986 1300 2183 1330 Ratisbonen-

1242 1351 1267 1370 si
1288 1352 1322 1371 us
1411 1367 1416 1372 .

1201 1384 1235 1412 In
1258 1386 1405 1423 hyaenam
1429 1386 1673 1415 Ratisbonensem
1697 1388 1769 1416 576.

1200 1427 1235 1455 In
1260 1428 1493 1457 wintoniensem
1516 1430 1701 1458 defensorem
1724 1429 1884 1458 coelibatus
1905 1429 1975 1459 576.

1202 1471 1407 1509 Epigramma,
1443 1482 1501 1509 quo
1532 1478 1633 1501 contra
1660 1472 1783 1511 Papalia
1811 1478 1941 1501 monstra
1967 1474 2183 1501 commendatur

1245 1515 1414 1552 coniugium
1437 1516 1518 1552 pium
1543 1516 1614 1545 577.

1203 1557 1305 1585 Ioanni
1329 1558 1470 1587 Marcello
1495 1558 1730 1595 Regiomontano
1755 1558 1826 1587 578.

1202 1599 1249 1628 De
1272 1606 1353 1629 motu
1376 1606 1520 1629 astrorum
1543 1602 1572 1629 in
1595 1602 1758 1630 Theoricas
1781 1601 1968 1629 Planetarum
1993 1601 2064 1629 578.

1202 1642 1236 1672 P.
1258 1644 1327 1672 Mel.
1351 1644 1390 1672 D.
1410 1642 1442 1672 C.
1466 1644 1499 1673 C.
1523 1653 1600 1672 anno
1626 1644 1717 1674 1542.
1743 1644 1813 1672 578.

1202 1685 1238 1713 In
1258 1687 1414 1715 Danielem
1437 1687 1614 1724 Prophetam
1639 1688 1710 1716 579.

1203 1729 1238 1757 111
1261 1730 1401 1758 animalia
1423 1730 1572 1767 pingentia
1594 1729 1779 1758 Monarchias
1798 1727 1932 1757 Danielis
1956 1729 1982 1757 7.
2008 1729 2080 1758 579.

1205 1773 1311 1843 PaulgoO
1320 1773 1427 1808 Ebero,
1450 1773 1630 1810 praelecturo
1644 1772 1826 1800 Dialecticen
1845 1782 1861 1800 a
1881 1771 2018 1809 Philippo
2040 1772 2185 1809 scriptam.

1251 1817 1268 1844 5
1315 1839 1321 1844 .

1206 1858 1308 1895 Imago
1331 1858 1481 1886 Ecclesiae
1505 1858 1602 1887 Exodi
1627 1859 1676 1886 33.
1701 1858 1772 1886 580.

1208 1902 1396 1938 Epitaphium
1431 1899 1545 1929 Giberti
1578 1900 1734 1938 Longolii,
1773 1899 1911 1929 Doctoris
1942 1900 2073 1928 Medicae
2106 1900 2187 1934 artis,

1251 1945 1301 1982 qui
1328 1949 1459 1972 mortuus
1488 1949 1531 1973 est
1556 1944 1583 1973 d.
1611 1944 1659 1972 30.
1688 1943 1760 1971 Maii
1790 1943 1880 1972 1543.
1911 1941 2052 1972 Coloniae
2080 1943 2188 1981 Agrip-

1251 1987 1339 2025 pinae
1363 1988 1434 2016 581.

1207 2029 1397 2067 Epitaphium
1421 2028 1547 2067 Cieopes
1564 2029 1711 2067 Voglerae
1734 2030 1805 2058 582.

1209 2072 1399 2110 Epitaphium
1422 2072 1541 2101 Ioannis
1565 2073 1648 2101 Eccii
1671 2073 1744 2102 583.

1209 2115 1400 2153 Epitaphium
1422 2114 1561 2144 Doctoris
1584 2116 1704 2144 Martini
1726 2115 1847 2144 Lutheri
1866 2115 1936 2144 584.

1209 2158 1244 2185 In
1263 2159 1381 2195 Elegias
1404 2157 1608 2196 christophori
1631 2157 1783 2196 Copeheni
1807 2159 1877 2187 584.

1210 2201 1381 2230 Clarissimo
1404 2202 1466 2229 viro
1484 2201 1634 2230 Ioachimo
1657 2202 1760 2231 Bustio
1783 2202 1901 2239 (Beust)
1925 2199 2050 2228 Doctori
2073 2198 2144 2228 584.

1179 2264 1186 2273 .
1210 2244 1256 2273 De
1279 2244 1393 2282 angelis
1415 2242 1583 2283 Sapphicon
1604 2246 1674 2274 584.

1210 2287 1244 2316 In
1254 2287 1398 2358 2pifiIgliKem
1416 2287 1468 2359 813.
1497 2287 1639 2317 Schoneri
1662 2287 1877 2321 Mathematici,
1900 2295 1977 2314 anno
2003 2284 2107 2313 aetatis
2127 2283 2190 2313 eius

1363 2352 1369 2358 .
1395 2332 1412 2359 5
1460 2355 1465 2360 .

1211 2373 1256 2402 De
1280 2372 1310 2402 S.
1334 2373 1447 2402 Ioanne
1467 2375 1601 2412 Baptista
1621 2374 1693 2403 587.

1210 2417 1257 2444 De
1275 2417 1370 2444 Maria
1392 2417 1528 2445 visitante
1552 2417 1703 2445 Elisabeth
1726 2416 1798 2445 587.

1214 2458 1357 2499 Τεύκρων
1380 2460 1452 2489 588.

1211 2502 1258 2530 De
1281 2502 1491 2540 ingratitudine
1514 2503 1664 2531 hominum
1688 2502 1759 2531 589.

1212 2545 1246 2573 In
1269 2545 1403 2574 cuculum
1426 2547 1613 2574 devorantem
1631 2545 1773 2574 nutricem
1797 2552 1879 2572 suam
1901 2550 2052 2572 eorrucam
2075 2540 2147 2570 589.
