2299 2921
128 96 192 130 321
322 94 361 127 11.
390 93 579 127 INDICES.
624 92 665 125 Η.
687 91 828 124 INDEX
850 89 1045 123 EPISTOL.
1068 88 1182 124 PHIL.
1204 88 1308 121 MEL.
1328 86 1668 121 ALPHABETICUS
1691 86 1778 118 PER
1800 86 1945 119 INITIA.

172 192 264 222 Sedet
285 191 323 220 ad
345 191 488 220 dextram.
512 188 569 224 IX,
592 188 664 218 561.

172 235 281 264 Sumus
301 235 331 263 in
353 243 388 262 eo
410 237 503 261 coetu.
527 231 613 266 VIII,
638 231 686 261 12,

175 279 269 307 Vetus
291 278 347 306 hoc
369 280 414 305 est
434 275 652 313 Euripidacum.
674 272 731 309 IX,
757 275 770 302 1
779 274 792 301 1
799 273 827 302 3.

174 322 335 351 Vobiscum
357 329 409 348 oro
432 319 533 347 filium.
557 317 625 353 VII,
650 318 663 345 1
673 317 742 346 160.

131 364 343 400 Praetorio,
366 361 498 390 Paulo:

174 407 216 436 Ut
236 406 283 434 hic
305 406 426 434 veniens
445 420 495 432 —.
518 403 667 439 Quantum
690 402 775 431 enim.
798 400 839 438 X,
863 401 913 431 37.

131 449 311 487 Pragensi
334 447 569 477 Academ'iae:

175 492 297 531 Semper
317 492 405 520 tribui
427 490 615 528 singularem.
638 488 695 525 ΠΙ,
719 488 736 516 6
744 489 757 516 1
764 488 791 518 5.

175 536 316 565 Videmus
335 535 474 563 divinitus
494 533 674 571 plerumque.
697 530 754 567 ΠΙ,
780 531 871 560 1101.

132 579 178 607 Pr
190 578 321 616 agensi
343 576 513 607 Senatui:

176 620 245 650 Scio
267 630 320 650 vos
341 630 376 649 ea
398 619 549 657 sapientia.
572 617 630 654 III,
652 618 665 646 1
675 617 744 646 100.

133 664 309 694 Pratensi
331 663 417 691 Past
426 662 501 691 ori?

176 706 308 737 Societas
330 706 446 744 generis
468 704 598 735 humani.
620 702 706 737 VIII,
728 702 799 732 765.

133 749 309 786 Principi
331 749 488 778 cuidam:

176 792 212 821 In
232 796 314 820 tanta
336 791 517 821 confusione.
542 788 599 826 IX,
623 790 695 819 602.

133 835 357 870 Probestae‚
380 834 531 863 Iacobo:

176 878 337 907 Meministi
358 887 453 906 meam
476 875 632 914 querelam.
656 875 694 910 V,
717 874 788 903 856.

177 921 272 950 Tuam
296 920 459 958 epistolam,
483 919 690 948 amantissime.
714 917 767 953 VI,
792 916 864 945 268.

134 964 322 993 Promnitz
332 985 340 1000 ,
363 963 389 991 Β
399 963 520 991 althas
529 971 592 991 aro
615 971 648 990 a:

179 1007 339 1045 Postquam
360 1006 492 1035 intellexi
514 1010 552 1035 te.
576 1004 631 1040 IV,
653 1003 724 1033 250.

136 1090 488 1128 Quedlinburgensi
512 1087 687 1118 Senatui:

180 1136 228 1172 Sd)
250 1136 316 1164 bitte
335 1135 368 1164 (ξ.
390 1133 437 1164 ΞΙΒ.
458 1133 554 1162 manen
574 1132 658 1162 meine
677 1130 794 1168 Θῲῖίξῒ.
816 1128 873 1165 ΠΙ,
898 1129 968 1158 953.

136 1220 387 1254 Rabenstein,
411 1218 561 1247 Pastori
588 1218 639 1246 in:

180 1263 299 1300 Perlegi
321 1267 400 1290 tuam
420 1261 657 1299 disputationem.
680 1258 750 1296 VII,
773 1259 846 1288 828.

137 1305 367 1338 Radziwilo‚
392 1304 568 1333 Nicolao:

180 1349 220 1377 Et
241 1348 334 1377 debeo
357 1352 385 1376 et
404 1347 497 1376 habeo
520 1347 644 1384 gratiam
668 1344 746 1374 Cels.
769 1345 862 1373 Tuae.
886 1342 971 1380 VIII,
995 1343 1065 1372 905.

137 1391 322 1429 Raniassy
345 1399 368 1420 s.
393 1390 611 1425 Ramuschi,
635 1389 838 1418 Matthiae:

180 1434 344 1471 Praecipua
367 1433 530 1462 consolatio
549 1438 601 1461 est.
620 1432 658 1468 V,
683 1433 752 1460 171.

138 1476 410 1506 Ratisbonensi
429 1475 601 1505 Senatui:

182 1521 215 1551 Φ.
242 1520 288 1550 ΞΒ.
319 1520 427 1556 &curiit
456 1518 523 1557 habe
553 1520 589 1556 ier)
623 1519 783 1556 empfangen
816 1518 865 1554 auf
893 1516 942 1547 ben
968 1515 1016 1544 25.
1046 1513 1118 1551 Ἕως.

181 1605 321 1642 ssimum
340 1606 376 1641 itt)
397 1604 537 1635 erenFen
556 1603 662 1642 gebabt.
687 1602 772 1639 VIII,
793 1604 864 1632 565¹.

139 1649 275 1686 Regio,
298 1648 466 1677 Urbano:

182 1691 322 1721 cassellis
346 1701 411 1719 cum
432 1690 547 1719 Bucero
570 1690 741 1718 collocutus.
763 1688 803 1725 Π,
828 1689 898 1718 843.

182 1734 334 1762 Excusant
357 1735 493 1771 utrinque
517 1738 545 1761 et
567 1738 604 1761 te.
627 1732 669 1769 X,
695 1733 765 1762 134.

184 1776 329 1817 Χαριτῶν
352 1775 387 1806 δέ
403 1787 434 1805 τε
453 1774 563 1814 θυμὸς.
588 1776 644 1812 ΙΙΙ,
668 1765 739 1805 446.

143 1819 389 1856 Rehlingcro,
412 1819 524 1847 Hier.:

187 1863 248 1892 ἄη).
276 1862 435 1899 OEbtenvesse
463 1863 554 1898 missen
585 1865 637 1892 aus
667 1861 835 1898 christiidyem
860 1859 1006 1897 ffletftanb.
1037 1857 1121 1895 VIII,

234 1905 303 1935 129.

143 1947 340 1983 Reibisch,
365 1947 543 1976 Henrico:

188 1990 262 2020 Cum
286 1991 373 2019 huius
396 1991 499 2019 aetatis
520 1989 709 2027 respublicas.
732 1988 789 2029 HI,
814 1989 884 2019 523.

144 2033 419 2069 Reiffenstein,
442 2033 615 2062 Albert0:

188 2076 279 2105 Recte
300 2077 413 2105 iudicas
436 2077 472 2104 de
494 2085 559 2104 meo
583 2084 661 2113 erga.
684 2075 724 2111 II,
747 2076 818 2104 933.

143 2119 416 2155 Reiffenstein,
441 2118 664 2148 Guilielrno:

188 2163 351 2191 Academia
368 2167 468 2191 nostra
490 2162 570 2190 dedit
592 2162 753 2198 pecuniam.
778 2160 818 2196 Π,
841 2161 912 2190 499.

189 2206 301 2244 Accepi
323 2209 434 2233 vestras
452 2205 552 2233 literas
574 2205 610 2232 de
632 2205 779 2233 missione.
803 2203 844 2239 ΙΙ,
868 2204 940 2234 488.

190 2247 266 2277 Cum
288 2249 432 2277 Martinus
455 2253 556 2276 noster
579 2248 768 2284 profecturus.
793 2247 833 2281 Π,
857 2248 928 2276 541.

190 2288 265 2319 Cum
286 2290 446 2327 Sarmatae,
469 2291 528 2328 qui.
550 2290 603 2327 IV,
630 2290 720 2319 1027.

190 2333 250 2362 Dei
272 2334 412 2362 beneficio
433 2338 513 2363 recte
530 2351 581 2362 —.
606 2332 664 2362 Sed
687 2333 823 2362 Martino.
846 2332 886 2369 Π,
910 2332 983 2363 667.

190 2376 282 2405 Forte
299 2377 345 2406 his
367 2377 469 2406 diebus
490 2377 578 2406 venit.
603 2376 627 2412 I,
653 2376 746 2405 1072.

191 2419 250 2448 Hic
271 2419 437 2448 tabellarius
459 2421 542 2448 istuc.
565 2419 620 2454 IV,
647 2420 739 2448 1013.

191 2463 336 2491 Martinus
360 2463 491 2492 exhibuit
514 2463 592 2491 mihi.
614 2462 639 2497 Ι,
665 2462 755 2491 1084.

192 2504 325 2544 Nepotes
346 2506 389 2534 tui
412 2506 574 2543 cupiebant.
596 2505 621 2541 I,
644 2506 734 2534 1087.

192 2547 262 2577 Non
284 2554 327 2577 est
348 2549 433 2577 facile
455 2549 519 2578 hoc.
544 2548 597 2584 IV,
618 2549 689 2578 968.

358 2602 505 2622 MELANTH.
519 2602 600 2622 OPER.
615 2602 678 2622 VOL.
694 2601 796 2621 xxvm.

1204 184 1274 214 Non
1297 184 1384 213 facile
1406 183 1531 212 dixerim
1555 192 1652 220 quam.
1675 181 1715 218 Π,
1739 182 1809 212 932.

1205 228 1272 257 Nos
1295 226 1355 255 Dei
1377 226 1522 255 beneficio
1545 226 1654 254 lenam.
1676 224 1700 261 I,
1725 225 1796 255 940.

1205 270 1323 307 Quaeso
1345 278 1408 305 vos,
1431 270 1472 298 mi
1495 268 1543 304 Gn,
1566 273 1598 297 ut
1620 268 1735 298 curetis.
1759 267 1799 304 Π,
1824 267 1896 297 692.

1206 313 1273 349 Quo
1296 313 1343 341 die
1366 322 1384 341 a
1403 312 1495 342 vobis.
1519 311 1544 347 I,
1568 312 1640 340 940.

1206 356 1294 392 Quod
1315 356 1402 386 faust.
1423 360 1452 384 et
1472 354 1542 383 felix
1564 354 1611 389 sit,
1635 353 1826 392 proficiscitur
1848 352 1953 382 isthuc.
1978 351 2003 388 Ι,
2027 352 2098 383 873.

1206 399 1338 428 Remitto
1361 398 1415 427 tibi
1437 398 1569 427 alterum.
1593 396 1634 432 Π,
1657 396 1730 426 692.

1205 441 1334 479 Rogavit
1355 452 1402 470 me
1419 441 1509 470 frater
1527 441 1637 469 uxoris.
1660 439 1685 475 I,
1705 439 1776 469 945.

1206 484 1307 513 Serius
1329 485 1367 513 ad
1389 488 1419 513 te
1441 484 1590 513 mittimus.
1613 483 1638 518 I,
1658 483 1730 512 869.

1164 527 1436 563 Reiffenstein,
1462 526 1578 562 Guil„
1602 526 1717 554 filiis:

1208 569 1283 598 Cum
1303 575 1373 598 ante
1395 570 1543 598 biennium
1566 569 1758 598 Dialecticen.
1782 566 1822 602 II,
1847 565 1919 596 542.

1208 612 1296 649 Quod
1318 613 1402 642 faust.
1425 613 1525 650 felixq.
1550 613 1588 641 sit
1611 629 1661 640 —.
1685 610 1852 640 Marcellus.
1880 608 1922 646 II,
1943 610 2015 640 489.

1164 656 1437 691 Reiffenstein,
1461 655 1576 691 Guil.,
1596 655 1697 684 filio:

1207 698 1317 728 Literis
1338 699 1406 734 tuis,
1428 699 1468 727 mi
1491 697 1539 734 Gn,
1563 708 1622 727 non
1644 707 1687 728 eo.
1710 696 1750 733 H,
1774 696 1847 725 934.

1165 742 1434 777 Reiffenstein,
1458 741 1604 770 Ioanni:

1209 784 1268 813 Dei
1291 784 1433 813 beneficio
1455 784 1519 813 heri
1540 784 1687 812 Islebiam.
1711 782 1736 818 Ι,
1761 782 1833 812 826.

1209 828 1355 856 Martinus
1374 827 1502 856 reddidit
1523 827 1595 856 mihi
1617 826 1814 855 suavissimas..
1837 823 1862 860 I,
1887 824 1957 855 896.

1167 870 1444 906 Reiffenstein,
1462 870 1608 905 Ioanni,
1629 870 1731 898 filio:

1211 912 1337 942 Gratum
1361 917 1403 942 est
1421 913 1493 941 mihi
1515 913 1654 941 officium.
1678 911 1720 950 ΙΙ,
1740 912 1811 941 933.

1167 955 1439 991 Reiffenstein‚
1462 956 1656 994 Philippo:

1211 997 1281 1027 Scio
1303 998 1503 1027 Valenrodum
1524 999 1581 1027 his.
1604 998 1629 1034 Ι,
1657 998 1747 1028 1072.

1168 1040 1394 1076 Reineckio,
1417 1041 1569 1070 Ioanni:

1213 1081 1288 1111 Cum
1307 1088 1336 1111 te
1358 1088 1478 1122 propter
1500 1084 1648 1113 eximiam.
1672 1082 1729 1119 ΠΙ,
1754 1083 1804 1111 58.

1169 1126 1401 1162 Reinhardo,
1425 1126 1560 1155 Comiti
1581 1127 1624 1154 ab
1647 1126 1850 1163 Isenburg:

1212 1169 1309 1206 Diefess
1330 1170 1360 1206 ist
1378 1171 1403 1205 1e
1427 1170 1571 1207 gemifilid).
1596 1168 1681 1204 VIII,
1705 1169 1776 1198 728.

1170 1212 1398 1247 Reinholdo,
1422 1212 1592 1241 Erasmo:

1214 1256 1257 1283 Mi
1280 1255 1412 1290 Erasme,
1434 1254 1499 1284 Hos
1522 1255 1724 1284 scholasticos.
1744 1253 1800 1289 ΙΙΙ,
1823 1253 1894 1282 982.

1172 1298 1390 1334 Reinstein,
1414 1297 1602 1327 Comitia:

1215 1342 1308 1370 Multa
1329 1345 1397 1369 sunt
1418 1341 1512 1379 signa.
1535 1340 1592 1376 IX,
1612 1341 1684 1370 920.

1172 1384 1402 1420 Reuchlino,
1425 1383 1561 1412 Ioanni
1580 1383 1770 1421 (Capnio):

1216 1426 1317 1456 Serius
1340 1436 1428 1465 quam
1451 1427 1593 1455 volebam.
1617 1426 1641 1462 I,
1665 1427 1716 1456 21.

1215 1470 1258 1500 Ut
1280 1471 1384 1499 anxius
1404 1480 1476 1499 sum.
1497 1470 1522 1505 Ι,
1547 1472 1597 1500 31.

1215 1513 1257 1542 Ut
1279 1514 1379 1542 omnia
1397 1514 1448 1542 tibi
1472 1523 1517 1543 ex.
1540 1513 1564 1549 I,
1592 1513 1661 1542 149.

1171 1557 1509 1594 Reutlingensibus
1529 1554 1882 1585 Concionatoribus:

1214 1599 1284 1628 Non
1307 1601 1386 1629 volui
1410 1601 1473 1628 sine
1492 1600 1591 1628 literis.
1613 1599 1637 1634 Ι,
1664 1598 1755 1627 1106.

1170 1643 1342 1678 Reutter,
1366 1641 1653 1680 Christophoro:

1214 1687 1300 1714 Mitto
1322 1686 1452 1714 libellum
1473 1691 1548 1715 ante.
1572 1684 1628 1721 IX,
1656 1685 1749 1713 1037.

1171 1729 1298 1764 Rhaw,
1319 1728 1501 1766 Georgio,
1523 1730 1611 1758 iun.:

1215 1773 1255 1800 Et
1277 1772 1393 1810 quidem
1417 1782 1481 1801 cum
1505 1773 1535 1800 in
1561 1771 1669 1801 schola.
1693 1769 1734 1806 X,
1759 1770 1809 1801 37.

1172 1815 1302 1851 Rhaw,
1321 1814 1468 1843 Ioanni:

1215 1859 1256 1888 Ciss
1277 1859 1307 1893 ist
1326 1859 1467 1896 Magistro
1490 1856 1623 1896 &omnni-
1647 1857 1701 1892 IV,
1724 1856 1793 1886 104.

1173 1902 1334 1937 Rhodio,
1357 1901 1489 1929 Paulo:

1217 1944 1310 1973 Nulla
1327 1954 1386 1973 vox
1407 1954 1510 1981 neque.
1532 1943 1588 1979 IX,
1615 1944 1684 1972 118.

1174 1988 1320 2023 Riccio,
1345 1985 1553 2024 Stephano:

1219 2030 1432 2060 Commendavi
1452 2036 1480 2059 te
1503 2028 1611 2059 Stratio
1634 2028 1800 2057 liberaliter.
1822 2026 1864 2063 ΙΙ,
1890 2027 1961 2056 683.

1219 2074 1319 2102 Hodie
1343 2084 1408 2102 cum
1431 2074 1467 2102 ad
1490 2072 1529 2102 D.
1554 2071 1702 2102 Stratium.
1726 2070 1765 2107 Π,
1790 2071 1861 2100 689.

1176 2117 1387 2152 Richabim,
1411 2126 1442 2146 a:

1220 2160 1344 2189 Nullum
1368 2165 1413 2188 est
1430 2160 1593 2188 humanius.
1616 2158 1668 2193 IV,
1694 2157 1765 2186 239.

1176 2204 1345 2238 Richter,
1369 2203 1473 2231 vito:

1218 2247 1284 2276 Etsi
1306 2246 1477 2274 adolescens
1499 2242 1778 2281 Schmidbergensis.
1802 2241 1842 2276 X,
1867 2241 1917 2270 38.

1219 2289 1360 2318 Narravit
1377 2289 1461 2317 nobis
1484 2288 1540 2316 hic..
1564 2286 1647 2321 VIII,
1672 2286 1743 2314 670.

1174 2333 1392 2367 Riemanno,
1416 2331 1562 2360 Ioanni:

1218 2376 1300 2405 Bene
1322 2376 1396 2403 facis
1419 2374 1495 2411 quod
1517 2372 1678 2410 pecuniam.
1699 2371 1740 2407 II,
1764 2371 1836 2400 946.

1220 2418 1313 2447 Filius
1332 2422 1398 2446 tuus
1422 2417 1591 2445 adolescens
1614 2416 1751 2453 optimae.
1774 2412 1829 2448 ΠΙ,
1854 2414 1924 2442 457.

1221 2461 1343 2499 Ingenio
1366 2461 1418 2488 filii
1442 2460 1540 2488 vestri.
1564 2458 1617 2494 IV,
1640 2459 1710 2487 831.

1221 2504 1326 2542 Nuper
1345 2504 1440 2532 subito
1459 2502 1674 2539 occupationes.
1698 2500 1751 2535 IV,
1776 2500 1847 2528 867.

1222 2548 1320 2576 Probo
1344 2546 1496 2575 consilium
1518 2550 1608 2573 tuum.
1630 2544 1686 2580 III,
1708 2544 1800 2573 1107.

2077 87 2141 120 322
