2299 2921
149 143 189 174 15

146 236 227 276 Sept.

147 365 212 397 Oct.

269 454 314 482 10.

265 540 311 567 18.

263 667 311 696 20.

148 711 225 739 Nov.

147 839 220 869 Dec.

266 882 313 912 12.

264 926 312 955 27.

147 1357 210 1386 Ian.
292 1359 304 1386 1

264 1532 312 1560 30.

264 1619 299 1646 31

147 1661 232 1690 Febr.
284 1660 312 1690 2.

287 1704 304 1732 5

285 1747 313 1775 8.

267 1790 303 1818 12

268 1834 314 1861 13.

151 1920 235 1948 Mart.
288 1920 315 1948 7.

267 1962 317 1991 25.

268 2006 317 2034 30.

152 2264 245 2302 April.
290 2265 318 2292 7.

152 2351 321 2387 Maiol.sq.

272 2394 318 2464 1ῧῖ

154 2522 219 2550 Iun.

156 2608 208 2636 Iul.

798 139 982 171 PHILlPPl
1005 137 1324 171 MELANTHONJS
1349 138 1511 171 OPERA.
2014 111 2017 115 -
2119 141 2159 173 16

338 238 403 266 Hoc
427 247 524 267 mense
546 237 716 266 Melanthon
735 246 787 274 per
809 234 991 273 Spalatinum
1015 234 1144 264 Luthero
1162 236 1267 264 iterum
1287 236 1374 264 mittit
1392 236 1488 264 varios
1510 236 1608 265 libros.
1652 255 1674 258 —
1699 236 1795 266 Pestis
1813 237 1989 275 Vitebergae
2007 238 2155 266 metuitur.

371 299 412 302 —
436 281 506 309 Edit
528 281 680 309 alteram
705 279 810 307 Pauli
831 279 873 306 ad
895 278 1117 307 Corinthios
1148 279 1349 316 epistolam
1371 287 1490 315 graece,
1513 279 1543 306 in
1564 289 1648 308 usum
1671 280 1798 309 scholae.
1823 297 1860 301 ——
1888 280 2022 309 Eduntur
2043 280 2155 309 dietata

371 324 399 352 in
422 324 530 352 scholis
555 334 569 351 a
595 323 660 351 Mel.
684 327 886 360 praecepta
907 321 1116 356 rhetorica,
1141 331 1216 358 quae
1235 322 1343 350 dicavit
1361 321 1409 350 Io.
1434 322 1641 359 Agricolae.

335 368 539 405 Augustiniani
557 366 690 394 monachi
714 366 743 392 in
763 370 908 392 conventu
931 365 1047 392 decreta
1069 364 1179 392 faciunt
1201 366 1236 393 de
1258 365 1423 393 minuendis
1447 365 1552 399 missis,
1575 366 1611 394 de
1631 366 1759 395 tollenda
1782 367 2003 401 mendicatione,
2026 366 2064 395 de
2084 376 2152 395 oon-

373 410 501 438 cedenda
523 410 655 437 libertate
678 408 830 436 deserendi
849 408 937 435 vitam
960 407 1158 436 monasticam.

338 453 456 480 Elector
478 452 567 486 iubet,
589 456 620 478 ut
643 452 835 479 Fontanus
858 455 926 488 agat
947 460 1011 479 cum
1035 450 1196 479 Academia
1221 457 1248 479 et
1273 461 1337 479 cum
1357 450 1494 489 Capitulo
1519 453 1643 489 August.
1673 452 1708 480 de
1737 453 1902 481 intermisso
1928 453 1987 481 ritu
2010 453 2155 490 quotidia-

372 505 471 523 narum
495 495 662 528 missar-unu
685 503 771 530 quam
795 495 937 521 actionem
961 494 1047 531 paulo
1068 499 1136 532 post
1158 494 1300 531 Princeps
1323 494 1442 522 Elector
1465 496 1678 523 commendavit
1696 494 1918 524 Christiano
1941 496 2091 533 Beyero.

336 538 408 566 Fere
428 539 482 566 hoc
505 543 635 574 tempore
659 537 745 574 legati
768 537 947 573 Mogunfini,
973 537 1170 566 Fabricius
1192 542 1220 565 et
1242 536 1456 566 Stromerus
1476 538 1652 566 conveu‘unt
1675 539 1893 566 Melarthonem
1912 539 2097 576 Vstebergac,
2120 543 2153 567 ut

370 588 489 618 agerent
501 591 566 609 cum
586 590 630 612 eo,
652 589 688 607 ne
701 579 848 608 Lutherus
866 580 982 617 scriptis
1001 580 1125 617 publicis
1143 580 1344 609 vehementius
1363 580 1482 608 invehat
1500 581 1529 608 in
1544 581 1805 619 Archicpiscopum
1817 582 2031 618 Mognnthmm,
2049 582 2155 610 iterum

370 623 466 652 Halae
489 623 598 652 Saxon.
623 623 820 660 indulgentias
840 623 1054 652 divendentem.
1536 638 1539 641 ·

337 667 506 696 Melanthon
529 672 556 695 et
578 667 757 694 Academiae
783 666 928 695 Doctores
946 666 1077 704 Principi
1098 665 1228 694 Electori
1251 666 1429 704 respondent
1452 667 1487 694 de
1509 667 1605 695 missis
1628 667 1785 705 abrogatis.

334 708 408 738 Cum
427 710 493 739 aliis
506 710 682 739 Academiae
702 709 879 737 Ductoribus
902 710 1075 738 sententiam
1097 719 1179 738 suam
1202 709 1271 737 dicit
1289 710 1324 737 de
1346 709 1443 738 missis
1465 709 1612 747 abrogatis
1631 715 1659 738 et
1677 711 1849 739 ceremoniis
1869 709 2075 739 ecciesiasticis
2093 719 2156 738 mu—

371 754 449 783 tatis.
474 771 514 775 --
538 753 687 781 Prodeunt
708 753 776 780 Mel.
799 753 1077 790 propositiones
1096 753 1138 780 de
1161 753 1280 780 missa.

337 797 472 825 Exeunte
495 796 657 824 Novembri
679 795 825 824 Luthcrus
849 796 922 824 clam
946 797 1024 823 venit
1047 796 1244 832 Vin-bergam,
1267 796 1306 823 ibi
1330 795 1441 832 aliquot
1464 796 1527 823 dies
1549 802 1755 825 commoratus.

337 840 410 868 Loci
433 839 590 877 theologici
614 840 737 877 primum
761 840 914 876 prodeunt,
936 840 1076 876 inscripta
1098 839 1271 866 Tilemanno
1294 838 1454 867 Plettnero.

339 883 497 911 Academia
517 883 674 921 respondet
693 881 821 910 Electori
845 883 880 910 de
903 882 1006 910 ritibus
1030 882 1236 910 ecclesiasticis
1261 881 1434 918 Vitebergac
1459 882 1582 909 mutatis.

336 925 441 955 Scribit
465 927 501 954 ad
532 926 697 963 Principem
721 925 888 953 Electorern
918 926 953 953 de
976 925 1141 963 prophetis,
1177 926 1225 962 qui
1249 924 1371 962 Cygnea
1393 925 1590 958 advenerunt,
1625 925 1784 962 eodemque
1811 925 1858 953 die
1881 925 1917 953 de
1939 925 2042 952 eadem
2066 934 2097 952 re
2119 926 2156 953 ad

369 968 562 1006 spalatin-mi.

336 1012 402 1041 Hoc
426 1022 502 1040 anno
521 1012 666 1049 prodeunt
680 1012 762 1040 Arati
784 1011 989 1043 Phaenomena
1009 1012 1104 1039 dicata
1123 1011 1204 1040 Hier.
1219 1011 1466 1048 Baumgartner05
1489 1028 1528 1031 —
1546 1009 1684 1039 Canones
1707 1010 1860 1048 apostolici
1882 1011 1968 1038 dicati
1986 1008 2156 1048 Spalatino3

370 1073 413 1078 --
434 1055 586 1084 Plutarchi
614 1065 708 1084 sermo
733 1055 892 1083 convivalis
917 1055 1029 1083 dicatus
1052 1054 1222 1082 Hermanno
1244 1054 1390 1082 Tulichio.
1436 1052 1643 1082 Demosthenis
1668 1053 1816 1082 orationes
1839 1054 1927 1088 duae,
1961 1053 2003 1081 Io.
2026 1052 2157 1082 Draconi

372 1099 544 1137 inscriptae3
568 1116 607 1119 —
632 1098 754 1126 Lutheri
778 1098 850 1126 liber
873 1099 908 1126 de
933 1098 1016 1127 bonis
1044 1098 1181 1134 operibus
1206 1107 1269 1125 cum
1293 1097 1475 1133 praefatione
1499 1097 1708 1125 Melanthonis.
1734 1114 1773 1117 —
1798 1097 1994 1125 Melanthonis
2015 1097 2158 1134 scriptum

370 1143 405 1170 de
425 1142 534 1180 duplici
556 1142 679 1170 iusticia.

992 1267 1147 1299 ANNO
1196 1266 1321 1299 1522.

309 1379 318 1387 .
340 1357 479 1394 Princeps
502 1357 629 1390 Elector,
653 1355 770 1384 Lochae
792 1360 940 1389 versatus,
963 1364 1015 1391 per
1038 1353 1226 1383 Hauboldum
1250 1354 1286 1382 ab
1305 1354 1453 1382 Einsiedel
1483 1358 1512 1381 et
1534 1352 1696 1390 Georgium
1717 1351 1901 1390 Spalatinum
1929 1362 1966 1381 ex
1988 1353 2157 1383 Amsdorfio

373 1406 401 1428 et
424 1400 627 1431 Melanthone,
661 1399 690 1426 in
712 1398 883 1436 oppidulum
906 1398 1018 1426 Prettin
1039 1398 1164 1432 vocatis,
1194 1398 1324 1434 quaerit,
1355 1407 1406 1425 cur
1428 1402 1510 1424 tanta
1532 1396 1728 1425 sollicitudine
1750 1397 1787 1424 ad
1809 1397 1906 1434 ipsum
1927 1396 2100 1433 scripserint
2122 1397 2159 1425 de

372 1444 521 1481 prophetis
533 1441 756 1480 Cygneensibus
780 1448 807 1469 et
827 1442 863 1470 de
885 1441 1051 1470 revocando
1075 1450 1110 1468 ea
1132 1441 1168 1468 de
1192 1450 1279 1470 causa
1291 1439 1440 1468 Luthero?
1454 1457 1495 1462 —
1507 1440 1631 1468 Postero
1650 1440 1697 1468 dic
1716 1449 1766 1476 per
1786 1440 1903 1468 eosdem
1920 1439 2057 1468 mandata
2072 1438 2158 1468 Prin-

371 1487 444 1524 cipis
468 1486 611 1514 Electoris
635 1485 817 1513 Melanthoni
842 1489 870 1512 et
892 1484 1060 1513 Amsdorfio
1083 1484 1268 1512 nunciantur.

336 1530 467 1567 Nuptiae
489 1528 667 1558 Carlstadtii.

337 1573 509 1602 Melanthon
532 1573 706 1600 sententiam
727 1581 809 1600 suam
832 1572 867 1599 de
891 1571 997 1599 missae
1020 1571 1076 1598 ritu
1100 1571 1291 1609 perscriptam
1316 1570 1405 1598 tradit
1427 1569 1615 1598 Einsiedelio.

307 1640 313 1647 .
339 1617 386 1646 De
410 1616 579 1650 Academia,
603 1616 638 1643 de
659 1614 873 1643 camerario
895 1620 923 1642 et
948 1613 1191 1651 Bugenhagio
1209 1614 1310 1642 scribit
1331 1614 1368 1641 ad
1391 1612 1582 1650 Spalatinum⁴

335 1659 533 1688 Einsiedelius
556 1658 774 1687 Mclanthonem
797 1663 890 1695 rogat,
914 1663 944 1686 ut
968 1656 1117 1685 Gabrielis
1140 1656 1278 1694 Zwilling
1300 1657 1427 1685 furorem
1451 1657 1481 1683 in
1504 1655 1649 1683 mutandis
1673 1654 1777 1683 ritibus
1798 1654 1943 1692 reprimat.

309 1726 315 1732 .
339 1702 521 1732 Einsiedelio
546 1702 646 1730 scribit
669 1702 704 1729 de
728 1702 855 1730 motibus
878 1711 895 1729 a
918 1700 1095 1729 Carlstadtio
1121 1700 1256 1728 excitatis
1280 1706 1307 1728 et
1331 1700 1366 1728 de
1387 1699 1475 1727 Ionae
1497 1698 1615 1736 nuptiis.

337 1746 507 1775 Conventus
530 1745 776 1774 Consiliariorum
799 1745 846 1773 Pr.
870 1744 1016 1772 Electoris
1039 1743 1218 1781 Eulenburgi
1243 1747 1360 1780 propter
1382 1751 1464 1770 sacra
1486 1741 1662 1779 perturbata.

309 1813 315 1818 .
338 1790 508 1817 Melanthon
534 1794 560 1815 et
584 1790 717 1816 doctmcs
740 1788 964 1825 Vitebergenses
987 1792 1127 1814 vocantur
1150 1787 1377 1823 Eulenburgum.

341 1833 426 1860 Actio
450 1832 630 1868 Eulenburgi
655 1840 719 1858 cum
744 1832 853 1859 vocatis
877 1831 911 1858 de
935 1830 1011 1858 ritib·
1014 1839 1037 1858 s
1061 1830 1187 1858 mutatis

340 1876 439 1903 Mense
464 1875 549 1902 F.ebr
574 1875 715 1910 Princeps
738 1874 856 1901 Elector
878 1883 929 1911 per
952 1872 994 1901 Io.
1019 1871 1190 1901 Oswaldum
1214 1872 1340 1900 consulit
1363 1855 1523 1899 Lutherum
1549 1870 1585 1898 de
1607 1869 1700 1897 turbis
1723 1868 1990 1907 Vitebergensibus.

337 1918 484 1946 Lutherus
508 1918 585 1945 xenit
609 1917 806 1953 Vitebergam
830 1920 983 1944 revocatus
1007 1926 1024 1943 a
1046 1916 1106 1943 suis
1130 1916 1201 1949 (vid.
1227 1925 1269 1952 ep.
1289 1916 1315 1943 d.
1344 1915 1390 1943 12.
1417 1914 1500 1941 Mart
1524 1914 1553 1940 h.
1579 1918 1630 1944 a..)

342 1961 384 1989 10.
410 1961 547 1994 Hessum,
573 1960 841 1993 Vratislavionscm⁷
865 1960 1006 1993 hortatur,
1031 1963 1062 1986 ut
1085 1963 1186 1986 cautus
1210 1958 1247 1986 sit
1270 1959 1298 1986 in
1322 1958 1427 1985 ritibus
1451 1957 1604 1984 mutandis.

342 2004 416 2033 Cum
439 2004 568 2032 Luthvro
592 2003 722 2031 elaborat
745 2003 774 2030 in
797 2003 1034 2039 recognoscenda
1057 2001 1177 2029 Lutheri
1202 2002 1335 2029 versione
1359 2000 1526 2037 germanica
1547 1998 1583 2026 N.
1606 1998 1686 2027 Test.

340 2047 485 2076 Lutherus
508 2048 544 2075 ad
568 2046 765 2083 spalatinum:
804 2046 929 2081 „Totum
942 2045 1162 2073 Testamentum
1186 2054 1291 2073 novum
1316 2045 1345 2072 in
1369 2044 1487 2081 pathmo
1510 2052 1576 2070 meo
1602 2046 1761 2075 verteram;
1785 2051 1882 2069 verum
1906 2041 2005 2069 omnia
2020 2050 2097 2068 nuno
2109 2041 2162 2069 eli-

376 2100 453 2118 mare
477 2090 625 2127 coepimus
645 2089 797 2126 Philippus
820 2094 848 2116 et
870 2090 954 2126 ego.“

342 2134 532 2162 Recuduntur
555 2133 610 2161 loci
631 2132 798 2168 theologici.

342 2177 494 2215 Inceperat
517 2176 643 2203 scribere
667 2175 819 2213 epistolam
843 2175 879 2202 de
903 2175 1006 2202 veteris
1030 2174 1109 2202 Test.
1135 2183 1197 2207 usu,
1220 2174 1271 2201 sed
1296 2174 1419 2201 mediam
1443 2173 1566 2210 abrupit.
1612 2172 1671 2207 (Ea
1695 2172 1729 2198 de
1753 2181 1784 2198 re
1807 2170 1925 2208 scripsit
1947 2174 2059 2207 postea,
2083 2178 2162 2197 anno

380 2221 485 2256 1545.)

343 2263 506 2291 Hesiodum
531 2268 656 2290 enarrat.

342 2306 419 2334 Toto
443 2306 498 2333 hoc
522 2314 620 2333 mense
644 2305 674 2332 in
696 2304 932 2341 recognoscenda
955 2302 1079 2331 Lutheri
1103 2303 1236 2331 versione
1260 2303 1427 2350 germanica
1450 2301 1488 2329 N.
1510 2300 1544 2328 T.
1570 2304 1737 2337 occupatur.

344 2347 478 2378 Consulit
501 2347 693 2386 Spalatinum
716 2346 886 2380 Sturtzium,
909 2346 1046 2380 Hessum
1071 2344 1125 2374 Co
1126 2346 1198 2374 dum
1224 2347 1259 2373 de
1280 2346 1376 2373 nuruis
1399 2346 1428 2372 in
1451 2345 1596 2381 scriptura
1619 2351 1701 2371 sacra
1725 2341 1965 2371 commemoratis.

341 2392 462 2420 Lutheri
487 2392 580 2419 versio
603 2391 806 2428 gerzmmical
794 2389 832 2419 N.
855 2389 890 2417 T.
914 2389 1049 2416 absoluti
1071 2395 1099 2416 et
1121 2389 1317 2427 typographis
1340 2389 1444 2416 tradita
1469 2391 1519 2415 est.

343 2435 415 2464 Loci
439 2435 596 2484 theologici
620 2436 712 2467 (nunc
735 2433 1013 2471 Hypotyposes
1035 2433 1180 2469 inscripti)
1204 2431 1328 2460 absoluti
1353 2436 1429 2465 sunt,
1453 2436 1481 2457 et
1503 2430 1656 2458 mittuntur
1668 2427 1834 2466 Spalatino
1857 2427 1903 2455 cui
1926 2426 2028 2456 nei-ibit
2050 2425 2163 2455 Melan-

376 2479 457 2512 thon‚
483 2479 552 2515 quid
576 2479 605 2505 in
629 2477 703 2505 libro
727 2476 888 2505 mutaverit

340 2520 387 2548 De
411 2521 551 2558 dignitate
575 2529 699 2558 poeseos
720 2519 821 2547 scribit
844 2519 880 2546 ad
901 2518 945 2546 Io.
969 2518 1105 2546 Hessum.

346 2564 468 2592 Homeri
491 2564 573 2592 Iliad.
598 2568 783 2591 enarraverat
805 2562 835 2590 in
854 2559 970 2589 scholis.

294 2608 322 2635 4.
346 2606 490 2634 Lutherus
514 2607 548 2634 ad
574 2605 769 2643 Spalatinum:
819 2604 934 2640 „Quam
959 2604 1072 2636 venem,
1096 2609 1127 2631 ut
1151 2612 1267 2631 curares
1290 2603 1462 2640 aliquando,
1487 2602 1655 2639 Philippum
1685 2612 1702 2629 a
1725 2599 1916 2639 grammatica
1936 2598 2062 2626 lectione
2084 2606 2166 2625 amo-
