2299 2921
142 100 207 133 297

141 196 306 230 Ludeco,
329 193 483 222 Ioanni:

184 239 295 268 Vocem
319 237 445 266 divinam
469 235 555 272 apud.
590 234 659 269 VH,
682 235 751 263 137.

141 281 354 315 Ludovico‚
378 277 515 307 Comiti
536 277 582 305 ab
606 276 826 315 Oettingen:

184 325 247 355 ’itus
271 324 304 352 (Ξ.
328 323 366 352 (ξ).
390 321 527 355 Θῴτίᾒεη
552 320 648 356 buben.
684 320 721 355 V,
746 321 817 348 457.

186 368 320 402 §intimem
341 366 372 394 (ἒ.
397 364 435 393 (ὃ).
460 363 612 399 §magisterii
635 361 804 399 Georgium.
838 361 894 398 111,
914 361 984 391 760.

140 409 346 442 Ludovico,
370 406 547 435 Comitia
569 404 758 442 Stolberg:

183 451 248 480 Etsi
268 455 427 479 conventus
450 449 588 477 nondum.
623 447 678 483 III,
706 448 796 477 1192.

139 494 353 527 Ludovico,
376 492 497 520 Iusto:

184 537 309 566 Numeri
330 540 398 564 sunt
418 532 524 562 Graeci
544 549 593 563 -—-.
620 533 680 561 Est.
714 531 770 567 IX,
795 533 866 562 480.

140 580 320 614 Luthero,
343 577 519 606 Martino:

184 626 262 652 Ante
283 622 399 650 biduum
423 619 554 647 dedimus
577 617 768 655 Coburgensi.
804 617 845 655 ΙΙ,
871 621 939 650 178,

183 668 263 695 Ante
285 665 411 693 triduum
433 662 545 690 finitum
570 666 621 690 est.
656 660 695 696 Π,
720 661 790 690 336.

185 708 283 737 Audio
307 706 466 735 Cordatum
489 713 622 741 magnam
645 704 700 732 hic.
735 703 791 739 ΙΙΙ,
815 706 883 734 179,

185 750 340 780 Confessio
363 752 464 777 nostra
487 747 616 775 exhibita
639 751 690 775 est.
726 746 765 781 Π,
792 747 860 778 144,

184 793 258 823 Cum
281 793 367 821 hodie
391 791 428 818 ad
450 794 479 818 te
501 790 646 827 scripturi.
679 788 718 824 II,
743 789 791 818 38.

183 836 241 865 Dei
264 835 406 863 beneficio
430 833 540 861 familia
560 837 619 861 tua.
653 831 677 867 Ι,
702 833 772 861 975.

183 878 267 907 Deus
288 882 370 915 pater
391 875 555 904 liberatoris
577 875 670 903 nostri
689 892 739 902 —.
763 874 829 905 Hie.
863 875 919 911 III,
946 875 1037 905 1227,

183 922 249 951 Etsi
268 919 530 949 observandissime
550 922 642 955 pater.
671 917 722 953 VI,
748 917 797 948 52,

183 964 321 993 Feliciter
345 962 477 991 confecta
499 969 560 989 esse
583 961 709 997 negotia.
743 959 784 994 Π,
810 962 899 990 1005,

183 1006 333 1035 Habemus
352 1005 404 1034 tibi
427 1005 569 1032 maximas
592 1004 701 1039 gratias
722 1004 798 1039 quod
820 1013 888 1031 non.
917 1001 958 1037 Π,
980 1003 1050 1032 175.

184 1049 250 1078 Hac
273 1050 345 1077 hora
367 1047 492 1076 reddidit
510 1046 589 1074 mihi.
624 1044 679 1079 ΠΙ,
704 1045 775 1074 641.

183 1091 334 1120 Hactenus
356 1090 441 1119 otiosi
466 1090 528 1117 dies
555 1089 601 1116 14.
638 1087 692 1122 III,
721 1089 810 1117 1154.

184 1134 257 1163 Heri
281 1134 362 1162 binas
384 1133 485 1160 literas
504 1131 614 1167 accepi,
638 1140 679 1158 ac.
714 1129 753 1165 Π,
782 1131 849 1160 193,

182 1178 257 1206 Heri
279 1176 441 1204 dimisimus
462 1173 633 1201 wellet-um.
668 1173 708 1207 II,
734 1174 805 1203 233.

182 1219 256 1248 Heri
281 1218 426 1247 finivimus
450 1215 651 1245 collationem.
689 1216 730 1251 ΙΙ,
755 1217 826 1246 299.

182 1263 256 1291 Heri
277 1261 390 1298 vesperi
411 1260 569 1296 Principes.
604 1258 643 1293 ΙΙ,
668 1259 738 1288 355.

182 1305 281 1334 Hodie
303 1308 479 1342 putaverunt
501 1302 739 1330 confutationem.
776 1300 815 1335 ΙΙ,
840 1301 910 1331 240.

183 1347 292 1381 Hodie,
316 1345 451 1374 videlicet
473 1346 519 1373 die
541 1344 699 1372 Ambrosii.
735 1343 788 1378 IV,
814 1345 882 1374 148.

182 1390 397 1419 Honestissima
417 1392 549 1417 matrona
571 1387 705 1415 coniunx.
742 1387 794 1421 VI,
819 1386 868 1416 20.

183 1433 245 1461 Iam
268 1432 500 1460 conduxeramus
523 1431 664 1458 nuntium.
700 1429 739 1464 Π,
764 1430 813 1459 59,

183 1476 271 1504 Initio
295 1479 454 1502 conventus
477 1477 639 1510 postquam.
673 1471 726 1507 IV,
751 1473 822 1502 570.

184 1518 230 1547 Ita
252 1527 297 1546 me
321 1518 403 1545 torsit
426 1515 599 1554 expectatio.
630 1514 684 1550 IV,
707 1516 798 1544 1008.

183 1561 258 1598 Legi
282 1560 384 1588 bonam
408 1564 518 1597 partem
541 1557 692 1587 Erasmici.
726 1557 750 1593 I,
775 1559 846 1588 893.

184 1604 300 1632 Literae
323 1608 398 1637 tuae,
423 1603 453 1630 in
476 1601 580 1638 quibus
602 1601 638 1628 de
661 1606 769 1630 nostro.
804 1601 844 1637 Π,
871 1602 939 1632 125.

183 1647 287 1683 Longa
308 1645 363 1672 fuit
385 1644 562 1672 deliberatio.
599 1642 651 1678 IV,
679 1643 745 1673 169.

183 1689 265 1717 Misit
286 1689 343 1716 huc
365 1687 578 1716 illustrissimus
601 1687 745 1723 princeps.
781 1686 833 1722 IV,
859 1688 929 1718 302,

184 1732 310 1760 Mittitur
330 1731 383 1759 tibi
401 1730 538 1768 apologia
560 1734 669 1757 nostra.
705 1728 745 1763 Π,
770 1731 819 1759 45.

184 1775 280 1809 Mitto,
302 1778 333 1801 ut
355 1773 486 1811 promisi,
504 1772 614 1800 literas.
647 1771 701 1804 VI,
726 1772 775 1801 33.

184 1816 289 1853 Neque
310 1817 346 1844 de
370 1816 490 1852 privatis
513 1815 607 1842 rebuS.
642 1813 681 1849 II,
706 1815 776 1844 314,

185 1860 254 1887 Non
277 1859 339 1886 sine
360 1858 539 1895 gravissimis
562 1858 665 1885 causis.
695 1857 734 1892 Π,
759 1858 829 1888 894.

185 1902 323 1930 Nondum
349 1906 507 1929 conventus
531 1900 705 1937 suppeditat.
740 1899 794 1936 111,
820 1902 910 1932 1187,

185 1944 322 1973 Nondum
348 1944 478 1972 exhibita
501 1948 544 1971 est
567 1943 660 1971 nobis.
694 1942 735 1978 ΙΙ,
759 1944 830 1974 229,

184 1988 368 2023 Noribergae
390 1996 447 2014 non
471 1986 535 2023 plus
558 1995 626 2013 uno.
660 1984 700 2020 II,
725 1986 773 2015 38.

184 2030 343 2066 Nunquam
367 2029 550 2057 artificiosius
572 2028 664 2056 nobis.
698 2027 755 2063 ΠΙ,
782 2029 872 2060 1129.

184 2073 241 2101 Per
264 2070 418 2110 Cyriacum
442 2072 535 2109 plura.
576 2070 617 2103 II,
643 2071 715 2100 311.

188 2115 261 2144 Post
283 2116 422 2152 principis
444 2115 614 2142 discessum.
648 2113 688 2147 II,
713 2114 784 2144 954,

184 2158 344 2195 Postquam
368 2158 454 2186 Doct.
476 2155 632 2193 Georgius.
666 2156 720 2191 VI,
744 2157 793 2186 34,

184 2201 342 2238 Postquam
366 2210 424 2229 non
449 2200 557 2228 destitit
579 2197 697 2227 Caesar.
733 2198 774 2234 II,
798 2199 869 2230 259.

184 2243 343 2280 Postquam
367 2244 458 2272 nostri
481 2242 682 2270 exhibuerunt.
716 2240 773 2277 111,
797 2242 868 2273 648.

184 2286 343 2323 Postquam
367 2287 433 2314 veni
454 2286 598 2314 Bonnam.
632 2284 670 2319 V,
696 2284 765 2313 112.

184 2329 305 2357 Praeter
327 2339 422 2357 meum
445 2338 554 2357 morem
577 2328 686 2355 literas.
721 2327 774 2362 IV,
798 2328 867 2357 142.

184 2371 282 2399 Pridie
301 2370 439 2409 Corporis
461 2371 581 2406 Christi,
603 2370 690 2407 quod.
724 2369 764 2404 II,
791 2371 859 2400 118.

183 2414 410 2442 Proficiscuntur
432 2413 623 2443 Wormatiam
646 2413 712 2440 duo.
746 2412 802 2448 ΙΙΙ,
827 2413 918 2444 1123.

185 2456 357 2493 Quanquam
379 2458 442 2486 heri
465 2457 595 2485 misimus
619 2455 810 2483 tabellarium.
845 2455 886 2492 Π,
911 2457 980 2486 145.

185 2498 272 2534 Quod
295 2500 380 2529 faust.
404 2501 502 2537 t'elixq.
527 2499 573 2527 sit.
607 2498 764 2526 Inchoatae
787 2503 862 2527 sunt.
896 2498 950 2535 IV,
976 2500 1044 2530 167.

185 2541 271 2578 Quod
294 2544 378 2572 toties
400 2549 518 2580 tamque
542 2546 680 2569 amanter.
714 2541 771 2576 III,
795 2542 866 2571 670.

324 98 362 130 ΙΙ.
398 96 586 129 INDICES.
628 97 668 128 H.
693 95 831 127 INDEX
853 94 1048 127 EPISTOL.
1073 92 1184 127 PHIL.
1207 91 1311 124 MEL.
1334 90 1673 124 ALPHABETICUS
1697 92 1784 124 PER
1811 93 1954 126 lNlTlA.

2083 94 2148 128 298

1213 188 1352 216 Rariores
1375 186 1516 216 habemus
1537 187 1712 216 tabellarios.
1745 188 1787 223 Η,
1811 189 1882 218 253.

1213 229 1282 260 8010
1304 235 1333 258 te
1355 230 1505 267 accepisse
1527 229 1707 258 fasciculum.
1741 230 1782 265 Π,
1806 231 1877 262 217.

1214 272 1282 302 8010
1305 272 1356 301 tibi
1380 273 1546 301 diuturnum
1569 273 1634 301 hoc.
1668 272 1707 308 II,
1732 274 1803 303 340.

1213 315 1379 353 scripserat
1398 314 1565 343 Lundeusis
1587 315 1712 344 rediens.
1747 315 1803 351 HI,
1829 317 1920 346 1003.

1214 357 1324 396 Scripsi
1348 358 1401 386 tibi
1423 358 1556 392 subinde,
1580 367 1678 386 novas.
1712 357 1752 393 Π,
1774 359 1843 388 197.

1213 401 1347 430 Tandem
1369 401 1533 430 audivimus
1557 400 1794 429 confutationem.
1828 401 1868 437 Π,
1890 401 1961 431 252.

1214 444 1347 473 Tandem
1371 452 1422 472 sex
1441 444 1546 472 delecti
1569 449 1646 471 sunt.
1680 443 1735 479 IV,
1760 444 1830 474 238.

1214 487 1293 515 Toto
1310 490 1429 524 pectore
1451 496 1507 524 ago
1529 487 1638 524 gratias
1657 504 1709 515 -.
1733 485 1866 515 Gaudeo.
1900 486 1956 522 III,
1980 486 2050 517 299.

1213 528 1311 558 Tuum
1334 529 1472 557 iudicium
1495 530 1531 557 de
1551 529 1713 566 postulatis.
1748 529 1788 565 H,
1809 529 1881 560 327.

1214 571 1257 601 Ut
1279 571 1394 609 Polybii
1417 581 1496 600 more
1519 572 1695 600 continuam.
1728 571 1786 608 ΠΙ,
1809 572 1899 602 1257.

1214 614 1375 643 Versamur
1396 614 1443 643 hic
1463 615 1493 642 in
1516 615 1695 643 miserrimis.
1728 614 1769 650 ΙΙ,
1796 616 1865 645 140.

1170 655 1332 685 Lutheri
1355 656 1467 686 uxori
1490 656 1731 686 Catharinae:

1215 700 1264 735 Sci>
1287 701 1348 736 stige
1368 701 1426 734 eud)
1445 709 1476 739 gu
1495 700 1595 736 missen.
1630 700 1671 736 Π,
1695 701 1745 730 41.

1171 741 1330 771 Lutheri
1353 742 1439 771 filio
1462 742 1609 770 Ioanni:

1214 785 1273 813 Dei
1295 785 1435 813 beneficio
1458 790 1536 813 recte
1559 785 1664 814 valent.
1697 785 1766 820 VII,
1790 785 1860 815 502.

1213 827 1278 856 Etsi
1300 828 1505 856 honestissima
1527 828 1618 865 virgo.
1652 828 1735 865 VIII,
1760 829 1830 858 377.

1214 870 1303 898 Venit
1325 871 1361 898 ad
1383 880 1430 898 me
1452 870 1631 900 adolescens.
1666 870 1752 906 VIII,
1780 870 1847 900 162.

1170 912 1327 941 Lutheri
1350 912 1431 941 filio
1450 913 1652 942 Matthiae:

1215 954 1350 984 Gratiam
1374 956 1456 984 vobis
1478 956 1584 991 habeo,
1607 957 1684 993 quod
1706 956 1837 984 Doctori.
1860 954 1918 989 IX,
1943 956 2014 985 977.

1214 998 1282 1034 Ipse
1315 998 1398 1027 Deus
1434 999 1550 1036 sapiens
1579 1014 1629 1028 —.
1659 999 1757 1027 Hodie
1792 999 2059 1028 Bartholomaeum.
2092 996 2151 1034 IX,

1260 1041 1331 1069 738.

1216 1081 1302 1118 Quod
1326 1083 1363 1110 ad
1384 1092 1431 1110 me
1454 1084 1604 1120 scripsisti.
1638 1083 1723 1119 VIII,
1746 1085 1818 1113 418.

1215 1124 1302 1160 Quod
1325 1125 1556 1153 benevolentiam
1579 1130 1711 1155 vestram.
1745 1126 1801 1161 IX,
1826 1127 1896 1156 516.

1214 1167 1318 1197 Scribo
1342 1168 1456 1196 brevius
1479 1173 1606 1205 propter.
1642 1168 1726 1204 VIII,
1751 1169 1822 1198 852.

1215 1209 1246 1240 Si
1269 1216 1368 1249 posset
1390 1211 1461 1239 fieri.
1496 1209 1552 1246 IX,
1580 1212 1647 1241 160.

1214 1252 1256 1281 Ut
1278 1258 1364 1282 antea
1386 1254 1422 1281 ab
1444 1253 1510 1282 aliis
1530 1254 1734 1292 interrogatus.
1758 1253 1827 1290 Vn,
1852 1254 1902 1283 80.

1170 1295 1328 1324 Lutheri
1350 1296 1434 1325 filio
1452 1296 1584 1324 Paulo:

1213 1338 1328 1367 Literas
1349 1343 1414 1367 tuas
1436 1339 1474 1366 ad
1496 1348 1644 1375 generum.
1677 1339 1734 1375 IX,
1760 1340 1850 1369 1064.

1171 1380 1399 1420 Lymborch‚
1420 1383 1550 1409 Annae
1573 1392 1606 1417 a,
1630 1382 1849 1411 Abatissae:

1215 1423 1278 1455 2811
1298 1424 1385 1462 buhen
1404 1426 1481 1462 unfet
1499 1425 1648 1455 ereufen.
1683 1425 1723 1460 H,
1747 1425 1818 1454 582.

1170 1510 1321 1547 Magno,
1346 1510 1445 1538 Duci
1464 1510 1767 1548 Megapolitano:

1214 1554 1325 1590 Accepi
1347 1562 1452 1581 munus
1474 1554 1555 1580 xenii
1577 1553 1651 1582 loco.
1676 1553 1716 1589 II,
1741 1555 1812 1583 566.

1214 1595 1312 1624 Causa
1335 1605 1385 1624 cur
1408 1596 1615 1632 Hieronymus.
1641 1596 1665 1631 I,
1690 1597 1760 1624 864.

1214 1638 1253 1666 Et
1276 1648 1313 1666 ex
1338 1639 1430 1667 literis
1453 1640 1510 1667 tuis
1533 1639 1740 1668 amantissime.
1765 1638 1789 1675 Ῑ,
1817 1638 1908 1668 1088.

1214 1681 1278 1710 Etsi
1299 1691 1358 1709 non
1382 1682 1558 1710 dubitabam.
1583 1681 1622 1717 ΙΙ,
1645 1682 1716 1711 561.

1213 1724 1372 1752 Exhibebit
1395 1724 1567 1753 Celsitudini
1590 1725 1714 1752 Vestrae
1737 1724 1895 1753 Arnoldus.
1921 1722 1961 1760 ΙΙ,
1988 1724 2036 1753 13.

1215 1766 1389 1804 Quanquam
1412 1777 1499 1805 saepe
1520 1772 1614 1796 antea.
1639 1767 1662 1802 Ι,
1687 1768 1758 1796 862.

1213 1810 1328 1839 Recens
1348 1811 1420 1838 redii
1445 1819 1482 1837 ex
1507 1816 1658 1838 conventu.
1683 1810 1739 1845 ΙΙΙ,
1763 1810 1833 1839 706.

1213 1853 1376 1882 versiculis
1399 1858 1442 1881 est
1465 1853 1510 1881 ad.
1536 1852 1590 1888 111,
1614 1853 1684 1882 727.

1169 1896 1321 1932 Maiori,
1345 1895 1533 1933 Georgio:

1212 1938 1287 1968 Cum
1310 1948 1434 1977 sperem,
1459 1948 1521 1972 nos,
1546 1938 1621 1967 Deo.
1646 1938 1714 1973 VII,
1738 1939 1808 1967 985.

1212 1981 1309 2010 Deum
1328 1986 1477 2010 aeternum
1500 1986 1611 2019 patrem
1635 1997 1685 2010 ——.
1710 1979 1797 2015 Quod
1821 1981 1884 2010 etsi.
1910 1980 1963 2017 VI,
1987 1981 2058 2010 637.

1212 2025 1279 2053 Etsi
1301 2025 1405 2060 adhuc,
1427 2024 1483 2053 Dei
1508 2025 1658 2052 beneficio.
1682 2024 1751 2059 VII,
1778 2025 1868 2053 1009.

1213 2067 1347 2106 Exurgat
1370 2068 1451 2096 Deus
1475 2072 1503 2095 et
1525 2068 1710 2104 dissipentur.
1733 2066 1785 2102 VI,
1811 2067 1881 2096 543.

1213 2111 1373 2140 Laudanda
1396 2116 1438 2139 est
1460 2111 1623 2148 prudentia.
1648 2110 1699 2145 VI,
1724 2111 1794 2139 375.

1213 2154 1353 2191 Magister
1376 2152 1476 2183 Simon
1501 2153 1688 2181 VVolframus.
1712 2152 1765 2188 VI,
1789 2153 1862 2182 447.

1213 2197 1322 2235 Magna
1344 2201 1387 2226 est
1409 2197 1560 2225 universae
1582 2201 1711 2224 naturae.
1736 2195 1789 2230 VI,
1814 2195 1884 2224 691.

1214 2240 1333 2268 Memini
1357 2250 1414 2277 quo
1437 2244 1615 2277 argumento,
1642 2238 1694 2273 VI,
1719 2239 1790 2267 549.

1213 2283 1298 2312 Mitto
1316 2284 1370 2311 tibi
1391 2283 1489 2311 literas
1512 2281 1742 2318 Baumgartneri.
1767 2279 1821 2316 VI,
1845 2280 1915 2309 376.

1213 2325 1302 2355 Nosti
1325 2326 1397 2355 illud
1421 2331 1510 2354 vetus.
1534 2325 1586 2360 VI,
1610 2325 1682 2353 367.

1214 2367 1347 2404 Quorum
1370 2369 1498 2397 artificiis
1517 2369 1546 2396 in
1570 2367 1625 2396 his.
1649 2367 1702 2402 VI,
1726 2367 1797 2396 424.

1213 2411 1306 2450 Saepe
1327 2413 1382 2440 hoc
1404 2421 1522 2449 usurpo.
1546 2410 1615 2445 VII,
1642 2410 1731 2438 1076.

1212 2455 1244 2484 Si
1268 2456 1337 2493 quid
1361 2460 1437 2483 esset
1459 2453 1621 2492 ἀξιόλογον.
1645 2453 1699 2487 VI,
1723 2453 1793 2480 648.
1817 2450 1886 2486 VII,
1914 2451 2003 2479 1053.

1213 2498 1364 2527 Silentium
1389 2503 1468 2525 tuum
1491 2506 1558 2525 non.
1582 2496 1634 2529 VI,
1659 2496 1729 2524 672.

1213 2542 1308 2570 Tuam
1331 2541 1481 2579 lugubrem
1506 2539 1666 2576 epistolam.
1691 2537 1744 2572 VI,
1769 2538 1839 2566 459.
