2299 2921
158 85 223 119 283
616 68 618 71 γ
807 84 990 116 PHILIPPI
1012 83 1330 117 MELANTHONIS
1353 85 1514 117 OPERA.
2107 89 2172 123 284

203 181 289 217 Quod
314 181 464 209 existimas
486 185 551 209 tuos
574 181 717 210 inimicos.
752 181 835 218 VIII,
860 182 930 211 677.

203 223 289 259 Quod
312 223 439 260 inclytus
462 223 576 252 Comes.
615 223 669 258 IX,
695 225 765 253 845.

202 266 326 302 Quoties
349 267 445 301 audio,
467 267 671 304 profecturum.
706 266 791 299 VIII,
817 267 888 296 537.

202 308 315 338 Scimus
339 310 368 337 in
391 310 446 337 hac
469 314 607 338 extrema.
645 308 729 343 VIII,
756 309 826 338 232.

202 350 269 380 Seio
289 352 401 389 aliquot
422 352 583 388 Principes.
618 350 701 386 VIII,
726 351 796 380 736.

201 394 270 423 Scio
293 400 320 422 te
340 395 432 422 virum
456 395 607 422 eruditum.
640 393 725 429 VIII,
745 394 816 423 895.

201 436 312 474 Scripsi
335 437 387 464 tibi
407 438 437 464 in
461 437 608 474 proximis.
645 436 729 469 VIII,
755 437 841 473 756„

201 478 320 516 Semper
342 480 384 506 ita
405 479 540 508 iudicavi.
574 478 642 514 VH,
666 480 736 508 504.

201 521 284 550 Senis
307 523 392 550 huius
415 522 569 550 tabellarii.
605 521 661 556 IX,
686 523 757 551 575.

201 564 232 593 Si
254 570 366 593 tantum
390 573 504 602 possem
524 565 653 592 fundere.
689 564 758 599 VII,
784 565 854 594 543.

201 607 233 635 Si
256 617 312 635 una
336 609 506 637 communis.
543 607 611 642 VII,
636 608 707 636 990.

200 651 268 679 Tibi
289 651 404 687 quidem
427 651 560 687 gratiam.
597 649 680 683 VIII,
705 650 774 678 504.

200 693 294 722 Tuam
316 693 469 730 epistolam
492 694 527 721 de
550 697 665 730 pastore
689 690 856 721 Stadianae.
894 691 962 728 VII,
988 691 1058 721 782.

201 735 242 764 Ut
265 745 330 764 cum
353 736 400 763 hic
423 745 496 764 eras.
531 735 616 770 VIII,
641 736 712 764 475.

157 808 160 810 ,
200 778 322 807 Utinam
345 782 486 816 quantum
509 779 539 806 in
561 778 742 806 adversariis.
780 777 835 812 IX,
860 778 930 806 514.

200 820 366 859 Utrumque
389 831 449 849 vox
471 822 577 849 divina.
609 820 678 856 VII,
706 821 795 849 1115.

201 864 292 893 Vetus
315 866 422 893 dictum
446 869 498 899 est,
521 864 641 892 nullum.
678 862 761 898 VIII,
786 862 856 892 627.

156 907 402 942 Hartmanno,
426 906 605 944 Georgio:

200 948 294 989 Saepe
317 951 438 988 deploro
461 950 682 979 adolescentiae.
716 948 768 983 IV,
791 949 862 977 853.

157 992 414 1028 Hausmanno,
439 993 661 1022 Guilielmo:

199 1036 361 1065 Consilium
385 1036 521 1064 editionis
542 1037 658 1064 rituum.
694 1033 778 1069 VIII,
802 1034 873 1063 680.

199 1079 274 1108 Cum
298 1085 325 1107 ct
346 1079 515 1108 officiosum.
548 1078 632 1113 VIII,
656 1077 705 1107 23.

199 1122 274 1151 Cum
296 1124 328 1150 in
350 1122 529 1159 amplissimi.
552 1121 638 1156 VIII,
664 1121 733 1150 126.

200 1166 287 1194 Hanc
310 1165 463 1203 epistolam
487 1166 589 1202 scripsi
608 1165 655 1192 die
680 1163 729 1192 25.
754 1162 865 1191 Novbr.
898 1161 966 1197 VII,
993 1163 1082 1190 1141.

199 1209 286 1237 Hunc
309 1208 447 1237 Iacobum
468 1208 657 1245 Torgensem.
692 1205 781 1241 VIII,
801 1206 872 1234 243.

199 1252 269 1280 Non
292 1252 416 1279 libenter
439 1260 526 1279 onero
549 1252 633 1279 alios.
669 1248 753 1284 VIII,
781 1249 848 1278 108.

199 1294 260 1323 Oro
283 1295 374 1322 filium
396 1293 453 1321 Dei
476 1311 527 1321 —.
557 1293 645 1323 Scito.
681 1292 765 1327 VIII,
788 1293 856 1320 159.

201 1337 287 1373 Quod
305 1337 450 1365 interdum
474 1337 510 1364 ad
534 1346 595 1365 nos.
626 1335 712 1370 VIII,
735 1336 807 1363 903.

200 1380 294 1418 Spero
317 1389 368 1409 vos
392 1379 467 1409 Deo.
500 1378 570 1413 VII,
599 1379 687 1407 1132.

199 1423 239 1452 Ut
263 1421 333 1461 Cyri
352 1423 446 1451 edicto
468 1423 613 1450 mandata.
648 1420 717 1455 ΥΠ,
744 1420 835 1449 1104.

199 1468 292 1494 Vetus
315 1475 432 1494 carmen
454 1466 483 1493 in
503 1466 651 1494 Musarum
674 1464 792 1501 hymno.
823 1461 879 1497 IX,
902 1462 972 1490 811.

156 1511 233 1539 Heb
243 1514 341 1537 enstr
352 1510 459 1543 eitio,
481 1508 521 1536 Io
532 1509 617 1536 anni
640 1506 791 1544 ([seni01·i):

199 1553 291 1587 Deus,
315 1553 364 1589 qui
388 1557 430 1580 est
451 1552 608 1588 inspector.
644 1549 729 1585 VIII,
754 1549 790 1577 32
798 1550 825 1578 5.

156 1595 463 1629 Hebenstreitio,
488 1594 622 1623 Ioanni
646 1593 798 1630 (iuniori):

200 1638 363 1678 Epistolam
384 1643 464 1666 tuam
489 1642 516 1665 et
538 1637 662 1666 libellos.
696 1635 780 1671 VIII,
806 1635 876 1664 330.

199 1683 262 1711 Etsi
285 1682 389 1709 vellem
411 1681 634 1719 praedictiones.
664 1678 748 1714 VIU,
773 1679 844 1707 313.

157 1725 342 1754 Heberlin
355 1735 371 1753 o
382 1746 389 1760 ,
413 1722 592 1762 Casparo:

199 1768 323 1796 Nullum
343 1767 451 1795 arctius
475 1772 503 1795 et
525 1767 661 1796 sanctius.
696 1764 752 1800 ΙΙΙ,
778 1766 848 1793 785.

156 1811 349 1845 Heckero,
373 1810 590 1838 Valentino:

199 1855 338 1883 Delector
361 1853 457 1881 officio
480 1859 538 1881 tuo.
575 1851 659 1880 VIII.
684 1851 754 1879 267.

198 1897 273 1925 Heri
295 1905 413 1924 reverso
436 1905 472 1923 ex
495 1900 631 1923 mercatu.
666 1893 735 1928 VII,
759 1893 830 1922 534.

200 1940 288 1969 Sedet
312 1939 348 1966 ad
372 1939 504 1966 dextram
527 1938 636 1966 aeterni
659 1954 709 1965 —.
738 1934 839 1964 Simul.
874 1933 930 1969 IX,
955 1934 1025 1963 531.

201 1983 348 2011 Tueamur
372 1982 607 2010 conjunctionem
630 1985 769 2008 nostram.
805 1977 859 2012 VI,
882 1978 953 2006 821.

201 2027 311 2055 Versus
334 2030 376 2053 est
399 2025 582 2053 dulcissimus
605 2022 770 2060 Sophoclis.
802 2020 887 2056 VIII,
908 2020 978 2048 620.

157 2069 338 2103 Hedioni,
361 2065 453 2106 Casp
462 2078 523 2096 aro
546 2073 581 2095 et
603 2065 831 2095 Marbachio:

201 2113 259 2141 Dei
277 2111 419 2140 beneficio
442 2112 537 2139 adhuc
559 2110 655 2138 studia
676 2108 835 2137 doctrinae.
866 2106 935 2142 VII,
959 2105 1030 2134 643.

201 2155 311 2192 Scripsi
334 2154 534 2191 repetitionem
559 2152 759 2182 confessionis.
794 2150 863 2185 VII,
887 2151 901 2178 7
908 2151 958 2178 91.

159 2197 458 2236 Hegondorfino,
482 2196 769 2232 Christophoro:

202 2242 349 2270 Reversus
371 2250 407 2268 ex
430 2244 583 2268 conventu.
616 2238 670 2273 IV,
695 2237 784 2266 1063.

159 2285 189 2314 H
199 2285 392 2320 eidelberg
402 2284 479 2311 ensi
502 2283 601 2311 Acad
612 2282 740 2310 emine:

202 2328 312 2356 Eximii
334 2327 389 2354 viri
409 2326 524 2354 tametsi
546 2335 605 2353 non
624 2333 688 2353 sum
712 2323 840 2352 meritus.
874 2321 899 2357 I,
924 2320 994 2349 656.

202 2371 272 2399 Non
295 2369 352 2397 alia
374 2369 404 2397 in
425 2369 516 2397 coelo.
550 2367 606 2403 IX,
632 2368 701 2396 345.

160 2414 322 2447 Heiden,
346 2411 532 2440 Ioachimo
556 2420 623 2439 von
647 2411 725 2438 der:

203 2455 373 2485 Dulcissimi
396 2460 463 2483 sunt
486 2454 621 2483 versiculi
643 2452 802 2490 Euripidis.
836 2449 877 2486 X,
903 2450 952 2479 13.

160 2498 428 2532 Heidenreich,
451 2497 633 2535 Casparo:

207 2543 302 2570 Audio
325 2541 401 2569 hunc
422 2550 528 2569 senem.
561 2539 617 2575 IX,
642 2539 712 2568 422.

1191 178 1371 218 Heling0‚
1394 181 1585 210 Mauritio:

1234 220 1324 251 Casta
1344 223 1425 252 Deus
1449 234 1530 253 mens
1548 242 1597 253 —.
1622 225 1669 253 Et.
1705 225 1757 259 VI,
1783 225 1832 256 21.

1234 263 1396 294 Consilium
1416 267 1451 294 de
1470 268 1597 296 historiis
1620 268 1757 305 legendis.
1792 269 1829 302 V,
1854 270 1925 299 886.

1233 306 1328 337 Filius
1350 308 1417 344 Dei,
1441 309 1586 338 Dominus
1605 328 1656 339 -.
1686 311 1732 339 De
1755 311 1922 351 Crucigero.
1959 313 1997 348 V,
2018 313 2093 343 803.-

1232 349 1311 378 Inter
1333 351 1386 380 has
1409 352 1599 389 Imperiorum
1622 354 1730 382 ruinas.
1765 354 1817 390 VI,
1842 356 1911 385 635.

1232 392 1396 431 Praecipua
1418 404 1487 431 pars
1509 400 1560 423 est.
1596 396 1632 429 V,
1654 397 1724 426 826.

1232 433 1353 474 Semper
1377 438 1484 465 usitata
1506 438 1629 467 fuerunt.
1662 439 1730 475 VII,
1755 440 1825 469 988.

1232 477 1347 507 Scimus
1370 479 1437 508 Deo
1461 490 1546 508 curae
1570 491 1633 510 esse
1656 483 1786 519 puerilia.
1810 482 1862 518 VI,
1885 483 1936 512 99.

1189 519 1361 561 Hellero,
1384 523 1622 552 Sebastiano:

1232 565 1330 592 Audio
1352 565 1405 593 tibi
1427 572 1535 594 notum.
1565 566 1620 602 III,
1644 567 1714 597 526.

1233 604 1307 634 Cum
1327 607 1486 636 adferretur
1508 609 1614 639 vinum.
1648 610 1701 645 IV,
1727 612 1817 640 1050.

1232 649 1296 677 Etsi
1318 650 1347 677 in
1367 655 1447 678 tanta
1470 651 1592 688 publica.
1625 652 1678 688 IV,
1705 655 1775 683 714.

1231 692 1296 720 Etsi
1319 693 1445 721 sciebam
1468 699 1497 721 te
1519 704 1571 731 pro
1595 700 1651 723 tua.
1687 695 1742 731 ΠΙ,
1767 697 1837 726 576.

1231 735 1390 763 Meministi
1413 735 1575 765 Historiam
1595 738 1757 775 Evangelii.
1789 738 1842 774 IV,
1870 740 1959 769 1055.

1231 776 1318 812 Quod
1342 778 1539 808 Burmannum
1563 781 1714 817 singulari.
1748 781 1800 816 IV,
1828 783 1917 811 1055.
1978 802 1986 808 ·

1231 818 1297 848 Scio
1322 830 1373 848 vos
1391 831 1444 858 pro
1467 828 1569 850 vestra.
1604 823 1656 858 IV,
1683 824 1773 853 1022.

1230 860 1323 900 Spero
1346 873 1425 892 meos
1446 874 1550 894 mores.
1585 866 1622 900 V,
1646 866 1716 895 478.

1231 902 1323 942 Spero
1346 915 1398 934 vos
1420 917 1474 944 pro
1492 908 1655 945 prudentia.
1688 908 1742 944 IV,
1764 909 1854 939 1025.

1231 947 1352 977 Utinam
1375 954 1403 976 et
1425 950 1471 978 Ill.
1494 950 1543 979 Pr.
1568 951 1757 981 Marchionis.
1790 951 1843 988 IV,
1863 952 1934 981 663.

1229 991 1321 1019 Vides
1343 1002 1390 1019 me
1412 1002 1470 1022 uno
1489 1002 1606 1030 genere.
1640 993 1692 1030 VI,
1716 995 1787 1024 760.

1187 1033 1316 1069 Helto,
1340 1034 1524 1073 Georgio:

1229 1076 1397 1105 Dolendum
1419 1084 1471 1114 est,
1494 1080 1525 1106 in
1548 1084 1636 1107 tanta.
1668 1079 1704 1114 V,
1730 1080 1778 1109 86.

1186 1118 1400 1149 Helveticis
1424 1122 1593 1150 urbibus:

1229 1162 1363 1234 fflagblbgm
1391 1165 1452 1194 Ἕω.
1480 1165 1565 1193 OEblen
1589 1174 1614 1193 u.
1634 1164 1720 1201 OEbtb.
1745 1166 1800 1194 eine
1820 1166 1936 1202 gemente
1955 1165 2072 1202 Εδῷϊὶῗῒ.
2107 1165 2163 1201 ΙΠ,

1186 1246 1265 1275 Heu
1278 1248 1389 1283 celio,
1411 1248 1544 1277 Ioanni
1563 1248 1770 1287 Baptistae:

1230 1290 1510 1319 Animadverterunt
1531 1291 1663 1320 homines
1682 1292 1770 1321 docti.
1806 1293 1890 1328 VIII,
1913 1294 1983 1322 334.

1230 1333 1369 1362 Decrevit
1391 1335 1439 1362 hic
1461 1340 1559 1362 noster
1581 1335 1696 1372 hospes.
1732 1334 1816 1371 VIII,
1838 1337 1908 1365 765.

1230 1376 1284 1404 Est
1307 1378 1424 1405 omnino
1447 1378 1477 1404 in
1500 1377 1670 1414 deligendis.
1701 1378 1785 1413 VIII,
1811 1380 1881 1408 743.

1230 1419 1270 1446 Et
1292 1419 1369 1447 oculi
1391 1425 1417 1448 et
1440 1420 1537 1448 animi.
1570 1420 1655 1455 VIII,
1679 1421 1730 1450 32.

1231 1462 1296 1490 Etsi
1317 1463 1410 1499 magis
1433 1463 1497 1491 aliis
1516 1463 1764 1501 occupationibus.
1798 1463 1883 1499 vm,
1908 1464 1967 1492 749

1230 1505 1467 1543 Exemplumque
1489 1506 1545 1533 Dei
1569 1507 1700 1543 quisque.
1734 1507 1803 1542 ΥΠ,
1828 1508 1918 1535 1110.

1229 1549 1345 1586 Exiguo
1368 1548 1520 1576 intervallo
1544 1549 1611 1577 duo.
1646 1549 1730 1584 VIII,
1756 1550 1827 1579 243.

1229 1592 1355 1620 Exstate
1376 1592 1440 1628 pias
1464 1591 1667 1620 confessiones.
1702 1592 1787 1626 VIII,
1808 1593 1878 1621 680.

1229 1635 1313 1663 Haec
1331 1643 1396 1663 cum
1414 1635 1569 1662 scriberem
1593 1633 1730 1663 Calendis
1749 1635 1829 1664 Maii.
1865 1634 1920 1670 IX,
1943 1635 2012 1664 539.

1229 1677 1330 1706 Idibus
1348 1677 1474 1714 Augusti
1496 1682 1583 1706 tuam.
1617 1677 1702 1713 VIII,
1729 1678 1797 1707 137.

1228 1721 1297 1758 Ipse
1315 1721 1397 1749 Deus
1419 1720 1535 1757 sapiens
1557 1735 1608 1747 —.
1642 1719 1726 1749 Haec
1748 1725 1824 1748 vota.
1858 1720 1915 1756 IX,
1941 1720 2012 1750 722.

1230 1764 1343 1792 Literas
1365 1768 1431 1791 tuas
1453 1763 1525 1797 heri,
1548 1763 1689 1792 videlicet.
1725 1763 1811 1799 VIII,
1836 1764 1906 1792 165.

1230 1807 1301 1836 Non
1323 1806 1422 1834 remisi
1443 1806 1582 1843 scriptum
1605 1807 1853 1834 concionatorum.
1880 1805 1937 1841 IX,
1963 1806 2031 1834 108.

1230 1849 1354 1878 Numeri
1376 1852 1444 1876 sunt
1466 1849 1573 1876 Graeci
1595 1854 1710 1886 poetae,
1733 1849 1792 1878 sed.
1828 1848 1897 1884 VTI,
1924 1848 2014 1877 1146.

1232 1892 1345 1930 Opinor
1367 1892 1397 1919 in
1419 1891 1518 1919 multis
1540 1892 1634 1921 rebus.
1671 1891 1756 1926 VIII,
1783 1893 1851 1921 109.

1232 1935 1325 1972 Saepe
1347 1944 1410 1963 cum
1435 1934 1533 1962 Albim
1557 1935 1752 1963 tumefactum.
1785 1934 1872 1968 VIH,
1897 1934 1968 1964 529.

1232 1978 1326 2016 Saepe
1349 1983 1448 2015 repeto
1471 1977 1590 2005 dulciss.
1613 1978 1795 2006 sententiam.
1828 1977 1884 2012 IX,
1904 1978 1974 2006 777.

1232 2020 1281 2050 Sic
1303 2021 1399 2058 inquit
1421 2018 1585 2058 Syracides.
1620 2020 1690 2055 VH,
1716 2021 1806 2050 1118.

1232 2064 1365 2094 Sciebam
1386 2063 1439 2091 tibi
1461 2064 1519 2091 iam
1542 2064 1579 2091 ad
1601 2063 1684 2092 alios.
1719 2062 1804 2098 VIII,
1826 2063 1897 2092 848.

1232 2108 1313 2137 Tuas
1336 2107 1445 2140 literas,
1469 2106 1573 2143 quibus
1596 2107 1734 2136 additum.
1769 2105 1840 2141 VII,
1867 2105 1956 2134 1142.

1232 2150 1274 2180 Ut
1297 2154 1363 2187 post
1382 2149 1613 2186 Epaminondae.
1647 2149 1733 2184 VIII,
1758 2150 1828 2178 149.

1232 2194 1353 2222 Utinam
1376 2197 1408 2220 ut
1429 2192 1501 2229 Cyri
1524 2192 1627 2220 edicto.
1664 2192 1732 2226 vll,
1754 2192 1844 2220 1097.

1232 2237 1324 2264 Vetus
1347 2236 1454 2263 dictum
1478 2239 1519 2262 est
1542 2232 1629 2274 ἀρχή.
1662 2234 1747 2269 VIII,
1771 2236 1820 2263 41.

1232 2280 1321 2307 Vides
1339 2279 1370 2306 in
1393 2278 1446 2306 hac
1468 2278 1568 2308 delira.
1601 2276 1688 2312 VIII,
1711 2278 1782 2305 904.

1189 2320 1352 2351 Henrico
1375 2320 1496 2355 VIII.,
1519 2320 1611 2358 Regi
1634 2320 1805 2357 Angliae:

1232 2364 1397 2394 Clementer
1419 2368 1593 2401 acceperunt
1612 2363 1732 2400 aliquot.
1766 2362 1823 2396 ΠΙ,
1847 2362 1917 2392 805.

1232 2409 1297 2437 Etsi
1317 2407 1512 2441 audieramus,
1534 2406 1707 2435 Romanum.
1742 2405 1797 2440 111,
1821 2406 1890 2435 681.

1232 2451 1297 2479 Etsi
1314 2460 1361 2480 me
1383 2450 1532 2487 quaedam.
1567 2448 1608 2483 ΙΙ,
1627 2449 1698 2478 861.

1232 2494 1297 2522 Etsi
1319 2493 1452 2531 publicae
1474 2492 1614 2529 quaedam
1636 2500 1751 2519 causae.
1783 2491 1823 2527 Π,
1847 2491 1918 2520 920.

1234 2537 1409 2564 Franciscus
1431 2540 1530 2563 noster
1551 2534 1674 2563 rediens.
1703 2533 1759 2569 III,
1783 2535 1853 2563 671.
