2299 2921
160 129 204 163 65
941 126 967 158 1.
1011 125 1218 159 ANNALES
1242 125 1386 157 VITAE.
2126 125 2170 156 66

161 225 256 264 April.
284 227 331 254 19.
355 225 557 253 Decernuntur
578 224 608 251 in
632 226 775 250 conventu
798 223 934 251 induciae
956 223 1122 260 quindecim
1148 222 1291 251 mensium
1315 225 1342 250 et
1365 220 1542 258 colloquium
1566 220 1603 248 dc
1626 228 1715 248 causa
1736 219 1885 257 religionis
1907 220 1935 249 d.
1961 221 1987 248 1.
2006 221 2082 258 Aug.
2106 219 2170 249 No-

383 267 537 303 rinbergae
559 265 732 293 habendum.

277 311 326 340 20.
351 310 520 338 Melanthon
537 309 592 336 iter
613 308 775 344 ingreditur
795 309 825 335 in
849 307 1016 337 Saxoniam.

277 353 326 382 23.
350 352 456 389 Legati
480 351 571 379 Ducis
593 349 662 378 Sax.
687 350 779 378 Elect.
803 355 831 378 et
852 350 1029 389 Landgravii
1052 351 1172 378 veniunt
1193 351 1222 378 in
1246 350 1394 387 Angliam.

351 395 520 423 Melanthon
543 400 586 421 est
608 392 781 427 Salveldiae‚
805 397 832 421 et
850 394 1001 422 historiam
1024 398 1182 422 conventus
1205 393 1305 421 scribit
1326 392 1426 421 Ionae.

278 438 326 466 27.
350 438 439 465 Mittit
462 437 623 465 orationem
646 436 682 464 de
706 436 869 473 principum
893 437 997 464 officiis
1021 436 1179 464 Laurentio
1201 436 1291 464 Zoeh.

277 480 326 510 29.
349 480 454 517 Legati
476 478 615 508 Saxoniei
635 479 792 507 audiuntur
814 489 832 506 a
852 478 935 516 Rege
960 479 1092 516 Angliae.

162 523 322 552 Mai.2-5.
347 523 516 551 Melanthon
539 532 602 550 cum
632 522 699 549 aula
722 526 766 549 est
790 522 1001 559 Annabergae,
1032 522 1079 549 ubi
1107 523 1283 550 conveniunt
1308 521 1449 558 Princeps
1473 520 1592 548 Elector
1622 525 1649 548 ct
1680 520 1828 548 Henricus
1851 520 1920 548 Dux
1942 518 2098 548 Saxoniae.
2122 537 2167 541 —

385 566 540 603 Myconius
563 565 752 593 concionatur
772 564 801 591 in
824 565 933 602 templo
958 566 1200 593 Annaemontano
1223 565 1250 592 d.
1276 565 1302 592 4.
1326 564 1406 592 Maii.

281 609 328 638 12.
351 609 419 637 Mel.
441 609 544 637 iterum
569 614 612 636 est
634 607 817 644 Vitebcrgae.
844 624 884 628 —
906 607 994 635 Dono
1013 612 1164 645 acceperat
1186 607 1321 644 poculum
1344 611 1513 644 argenteum
1535 615 1552 634 a
1570 605 1677 635 Senatu
1699 606 1927 643 Numburgensi.

279 652 327 682 22.
349 651 547 679 Proficiscitur
567 650 698 688 Lipsiam
723 659 787 677 eum
811 649 941 678 Luthero
965 654 993 678 et
1015 651 1097 684 Iona,
1120 651 1169 678 ubi
1191 651 1249 678 iam
1271 654 1351 678 erant
1376 650 1528 687 Myconius
1552 654 1579 677 et
1601 649 1750 687 Cruciger,
1773 649 1810 677 ad
1834 649 1987 677 ecclesiam
2011 653 2039 676 et
2061 648 2164 677 acade-

386 695 473 722 miam
496 693 713 722 instaurandam
735 694 894 721 secundum
916 698 1071 731 praecepta
1094 693 1256 730 Evangelii.

278 737 329 767 25.
351 736 545 764 Dimittuntur
567 736 656 773 legati
679 734 818 764 Saxoniei
841 746 859 763 a
881 735 962 773 Rege
984 736 1118 774 Angliae.

276 780 326 809 30.
350 779 525 817 Vitebergae
545 780 649 807 iterum
672 783 722 806 est.

161 823 226 852 Iun.
304 824 328 850 1.
350 822 437 850 Initia
459 823 641 850 comitiorum
664 821 852 850 Wormatiae.

299 866 326 894 9.
350 866 514 902 Episcopus
536 865 693 893 Misnensis
716 864 845 892 Henrico
868 864 944 892 Duci
967 864 1054 891 mittit
1076 864 1180 891 librum
1204 864 1240 890 de
1263 863 1454 891 reformandis
1474 862 1560 892 rebus
1584 863 1794 891 ecclesiasticis.

277 908 325 936 22.
350 907 439 935 Liber
459 908 616 936 Misncnsis
640 908 763 935 mittitur
785 907 929 944 theologis
953 907 1208 943 Vitebergensibus
1231 910 1263 933 ut
1284 906 1319 933 de
1343 916 1377 933 eo
1399 906 1534 933 iudicent.

277 951 327 979 24.
351 951 513 978 Excuditur
535 950 730 979 Melanthonis
752 955 891 978 tractatus
914 950 949 977 de
968 949 1117 977 Ecclesiae
1141 949 1322 982 auctoritato,
1347 948 1469 976 Alberto
1487 947 1565 977 Duci
1589 948 1725 976 Prussiae
1746 949 1914 985 inscriptus.

277 993 327 1022 26.
349 991 518 1021 Camerario
537 998 644 1028 narrat,
663 994 732 1030 quid
750 992 868 1030 Lipsiae
891 998 985 1020 actum
1009 992 1054 1019 sit.
1073 1009 1115 1012 —
1134 991 1257 1020 Cuditur
1278 991 1351 1019 liber
1369 992 1404 1019 de
1426 992 1530 1019 anima..

162 1036 217 1066 Iul.
306 1038 331 1064 1.
356 1033 606 1073 Vitebergensium
630 1036 773 1064 sententia
795 1036 830 1063 de
854 1035 929 1063 libro
954 1035 1084 1062 Misnico.

302 1080 328 1107 6.
352 1079 440 1106 Mittit
464 1088 578 1107 carmen
598 1079 633 1106 de
652 1078 774 1106 Lazaro.
794 1094 834 1098 —-
859 1076 966 1106 Scribit
988 1077 1024 1104 ad
1049 1077 1177 1104 Venetos
1196 1077 1231 1104 de
1255 1077 1387 1104 doctrina
1409 1076 1587 1112 Evangelica
1610 1081 1637 1104 et
1656 1076 1692 1104 de
1715 1075 1828 1105 Serveti
1850 1076 2004 1104 erroribus.

301 1122 328 1150 8.
355 1121 490 1149 visitatio
511 1121 707 1149 Ecclesiarum
732 1121 933 1155 Misnensium,
958 1129 1015 1156 qua
1039 1125 1065 1147 et
1090 1119 1259 1147 Melanthon
1283 1119 1337 1147 fuit
1359 1124 1527 1156 occupatus.

164 1166 240 1201 Aug.
306 1165 333 1192 3.
359 1164 425 1191 Mel.
449 1164 553 1191 iterum
573 1171 617 1191 est
640 1163 726 1191 domi.

274 1208 320 1235 11.
346 1206 499 1234 Praefatur
522 1207 550 1234 in
574 1207 683 1244 Micylli
707 1206 864 1234 metricam.

161 1248 242 1287 Sept.
302 1251 326 1277 1.
353 1248 511 1286 Componit
530 1249 658 1287 Principi
681 1249 809 1276 Electori
833 1248 983 1285 epistolam
1007 1248 1042 1275 ad
1066 1246 1283 1285 Sigismundum
1307 1247 1417 1284 Regem
1440 1247 1591 1281 poloniae,
1615 1247 1649 1274 ad
1675 1247 1861 1274 avertendam
1884 1247 2071 1281 calumniam,
2093 1247 2173 1284 prin-

387 1292 468 1329 cipes
491 1291 669 1320 Germaniae
693 1292 781 1326 nolle,
804 1292 959 1329 impeditos
985 1292 1102 1327 privatis
1126 1291 1237 1325 studiis,
1261 1290 1369 1328 populo
1393 1290 1551 1319 christiano
1575 1299 1743 1318 succurrere
1766 1290 1904 1318 adversus
1927 1290 2046 1318 Turcas.

300 1336 327 1363 9.
352 1335 418 1362 Mel.
447 1335 561 1362 scribit:
601 1335 761 1370 „Volebam
786 1334 893 1362 addere
922 1334 1009 1367 (libro
1037 1334 1072 1361 de
1097 1333 1237 1361 ecclesiae
1261 1334 1446 1369 auctoritate)
1470 1334 1668 1371 quaestionem
1696 1334 1731 1361 de
1759 1333 1922 1370 principum
1951 1332 2064 1367 officio,
2095 1333 2172 1368 quod

384 1382 495 1405 mutare
518 1378 626 1405 abusus
650 1377 861 1405 ecclesiasticos
884 1377 1016 1411 debeant,
1040 1377 1090 1404 sed
1113 1377 1260 1404 nundinae
1282 1376 1436 1404 instabant.
1479 1376 1567 1404 Nunc
1585 1376 1673 1414 igitur
1695 1386 1729 1404 ea
1751 1377 1881 1413 quaestio
1905 1376 2026 1404 seorsim
2049 1375 2173 1404 excude-

382 1423 455 1448 tur.“
502 1420 630 1455 (Prodiit
651 1421 678 1449 d.
705 1420 753 1448 26.
777 1419 859 1456 Oct.)

286 1463 336 1491 22.
359 1461 480 1491 Scribit:
506 1462 677 1499 „Habebam
701 1464 730 1490 in
742 1463 874 1490 manibus
897 1462 1022 1490 aulicum
1042 1463 1190 1499 scriptum,
1214 1462 1290 1498 quod
1314 1462 1343 1489 in
1367 1461 1487 1490 latinum
1500 1471 1662 1490 sermonem
1681 1461 1838 1490 vertebam.
1862 1461 1976 1499 Anglus
1999 1462 2075 1489 enim
2097 1461 2175 1489 misit

384 1506 521 1534 nuncium
542 1506 579 1533 ad
602 1506 767 1542 Principem
796 1511 926 1533 nostrum
956 1510 984 1532 et
1006 1505 1076 1532 lenit
1098 1505 1164 1533 illos
1189 1513 1257 1533 suos
1280 1505 1385 1542 impios
1414 1504 1566 1539 articulos,
1598 1513 1671 1541 quos
1700 1508 1802 1533 contra
1828 1504 1982 1542 Evangelii
2010 1505 2172 1533 doctrinam

386 1548 485 1582 edidit,
508 1558 543 1576 ac
566 1550 646 1584 petit,
669 1558 705 1575 ne
728 1549 819 1576 nostri
844 1554 946 1576 contra
968 1557 1018 1576 eos
1041 1548 1178 1576 articulos
1202 1548 1357 1576 scribant.“

162 1589 227 1619 Oct.
350 1590 423 1618 Fere
446 1591 471 1618 d.
502 1591 547 1619 12.
573 1589 638 1619 Oct.
668 1596 696 1618 et
724 1601 787 1628 sqq.
815 1591 943 1619 Berolini
969 1591 1022 1618 fuit
1046 1591 1129 1626 Mel.⁷
1157 1591 1314 1620 accersitus
1337 1600 1354 1618 a
1377 1590 1526 1618 Ioachimo
1549 1589 1693 1624 Hectore,
1723 1595 1753 1618 ut
1781 1590 1952 1618 deliberaret
1978 1591 2014 1618 de
2036 1590 2173 1619 tollendis

386 1634 523 1662 abusibus
546 1634 753 1662 Ecclesiarum.
800 1633 843 1661 Ibi
873 1634 987 1671 scripsit
1010 1635 1127 1661 nomine
1149 1633 1291 1662 Electoris
1315 1633 1467 1671 epistolam
1490 1634 1527 1661 ad
1549 1631 1782 1670 Sigismundum‚
1813 1632 1924 1670 Regem
1946 1632 2103 1669 Poloniae‚
2134 1633 2172 1661 ad

387 1677 581 1705 excusandam
606 1677 842 1704 reformationem
867 1677 1052 1705 ecclesiarum
1077 1678 1105 1704 in
1131 1676 1271 1704 Marchia.

351 1718 448 1747 Pestis
471 1724 515 1748 est
539 1720 721 1757 Vitebergae.

278 1761 326 1791 23.
350 1761 530 1790 Sententiam
553 1772 634 1791 suam
659 1763 696 1790 de
718 1762 847 1790 articulis
869 1763 946 1799 regis
970 1763 1095 1799 Angliae
1118 1762 1188 1796 (vid.
1214 1762 1240 1789 d.
1264 1761 1312 1790 22.
1336 1760 1431 1798 Sept.)
1455 1762 1555 1790 scribit
1578 1762 1626 1789 Pr.
1654 1761 1781 1789 Electori
1805 1766 1833 1789 et
1856 1760 2048 1799 Landgravio.

278 1804 328 1833 26.
352 1804 441 1832 Putat
463 1806 540 1840 Met,
565 1811 686 1833 mortem
706 1806 758 1833 sibi
784 1806 892 1833 instare
916 1810 1034 1841 propter
1057 1815 1164 1833 annum
1189 1805 1410 1832 climactericum
1436 1814 1521 1842 quem
1544 1804 1656 1841 agebat.

353 1848 460 1876 Iterum
484 1849 584 1876 scribit
607 1849 642 1875 ad
666 1847 918 1885 Norinbergenses
942 1848 978 1875 de
1001 1848 1193 1876 absolutione.

353 1890 419 1918 Mel.
444 1891 550 1919 liberos
573 1890 691 1919 Sebaldi
711 1889 862 1925 Miinsteri‚
886 1891 935 1928 qui
959 1900 1023 1918 cum
1047 1901 1139 1919 uxore
1163 1895 1243 1928 peste
1267 1891 1410 1918 extinctus
1434 1895 1487 1924 est,
1511 1890 1547 1917 ad
1571 1898 1602 1918 se
1624 1890 1735 1926 recipit.

164 1930 243 1961 Nov.
303 1934 327 1960 1.
350 1932 436 1961 Iussu
459 1933 604 1970 Principis
624 1934 766 1961 Electoris
788 1934 885 1962 scribit
910 1934 976 1961 Mel.
1000 1934 1035 1961 ad
1059 1943 1156 1971 regem
1177 1933 1300 1970 Angliae
1323 1934 1358 1961 de
1382 1932 1520 1967 articulis,
1545 1941 1617 1969 quos
1638 1933 1684 1961 hic
1707 1933 1834 1960 Electori
1856 1933 1983 1961 miserat.

352 1975 516 2004 Ioachimus
540 1976 658 2004 Elector
681 1975 787 2004 Brand.
811 1986 902 2004 coena
925 1986 1008 2004 sacra
1027 1978 1114 2005 utitur
1137 1977 1296 2004 secundum
1320 1981 1471 2013 utramque
1497 1977 1634 2013 speciem.

282 2018 327 2046 12.
350 2017 497 2055 Georgius
521 2019 615 2046 Maior
639 2019 834 2047 Melanthonis
854 2020 981 2047 libellum
1004 2020 1040 2047 de
1063 2020 1227 2057 principum
1250 2019 1348 2047 officio
1373 2020 1464 2047 vertit.

355 2061 421 2089 Mel.
445 2066 648 2089 testamentum
672 2071 755 2090 suum
777 2063 900 2099 scripsit.

282 2105 329 2132 19.
354 2103 522 2132 Conventus
540 2105 783 2142 Evangelicorum
807 2105 964 2133 Arnstadii.

279 2146 326 2174 23.
350 2146 395 2174 De
418 2147 544 2175 Wicelio
563 2148 661 2175 scribit
684 2148 720 2175 ad
744 2146 935 2176 Stratnerum.

352 2189 499 2218 Insomnia
520 2190 633 2218 laborat
656 2190 725 2218 Mel.

352 2231 483 2262 Bucerus
502 2234 581 2261 venit
606 2233 790 2270 Vitebergam
812 2234 918 2261 missus
941 2242 958 2260 a
981 2232 1119 2270 Philippo
1142 2232 1281 2270 Landgr„
1305 2237 1335 2260 ut
1358 2231 1480 2260 Lutheri
1504 2237 1530 2260 et
1543 2232 1739 2260 Melanthonis
1762 2231 2001 2269 approbationem
2024 2233 2168 2270 bigamiae

388 2280 522 2313 reportet.

166 2316 237 2345 Dec.
301 2318 329 2345 5.
353 2318 420 2347 Mel.
443 2318 593 2347 Ioachimo
612 2319 774 2346 Marchioni
798 2318 960 2346 Brandenb.
984 2327 1065 2345 suam
1085 2318 1154 2345 dicit
1172 2318 1344 2346 sententiam
1368 2318 1404 2345 de
1426 2318 1520 2345 forma
1544 2326 1699 2345 sacrorum.

283 2361 330 2388 10.
353 2359 512 2389 Consilium
536 2362 602 2389 Mel.
623 2363 657 2390 de
682 2362 807 2398 bigamia
830 2361 959 2398 Philippi
980 2360 1146 2398 Landgrav.

357 2402 440 2431 Finis
462 2409 620 2433 conventus
643 2405 868 2433 Arnstadiensis.

282 2445 331 2474 29.
355 2445 494 2483 Princeps
518 2447 634 2475 Elector
656 2448 743 2482 iubet,
766 2452 796 2475 ut
817 2447 944 2484 theologi
967 2446 1191 2483 Vitebergenses
1213 2446 1324 2480 dicant,
1348 2455 1406 2483 quo
1429 2445 1515 2473 modo
1533 2445 1664 2472 doctrina
1686 2446 1875 2481 Augustanae
1898 2443 2098 2474 Confessionis
2118 2445 2174 2474 ad-

392 2498 491 2517 versus
514 2491 647 2518 inimicos
671 2490 853 2518 defendenda
876 2496 905 2517 et
928 2489 996 2525 quid
1016 2494 1044 2516 et
1064 2490 1093 2516 in
1117 2489 1220 2526 quibus
1242 2489 1328 2517 rebus
1351 2488 1524 2516 adversariis
1545 2487 1653 2524 aliquid
1675 2488 1890 2515 concedendum
1915 2488 1960 2515 sit.

357 2532 509 2560 Praefatus
533 2537 577 2560 est
599 2533 629 2560 in
651 2531 817 2561 Chronicon
840 2533 983 2560 Hedionis
1006 2532 1042 2560 ad
1063 2531 1225 2570 Rupertum
1249 2530 1393 2560 Comitem
1417 2530 1592 2558 Palatinum.

375 2641 520 2660 MELANTH.
536 2640 618 2659 OPER.
642 2641 703 2660 vm..
720 2641 817 2661 xxvul.
1943 2632 1963 2655 E
