2299 2921
1134 641 1185 706 I.

178 760 604 825 ANNALES
657 759 940 825 VITAE
1000 760 1407 826 PHILIPPI
1458 759 2146 826 MELANTHONIS.

995 1055 1152 1087 ANNO
1201 1056 1325 1087 1497.

153 1132 203 1172 D·
238 1146 285 1174 16.
311 1146 396 1174 Febr.
422 1147 522 1174 minut.
549 1146 566 1173 6
592 1149 659 1183 post
683 1145 784 1172 horam
810 1144 1041 1182 pomeridianam
1066 1144 1193 1171 nascitur
1225 1144 1422 1181 Philippus
1454 1142 1694 1173 Schwarzerd
1720 1147 1749 1173 in
1776 1146 1886 1183 oppido
1917 1146 2098 1173 Palatinatus
2126 1146 2163 1174 ad

154 1189 288 1218 Rhenum
312 1188 480 1223 metten,
506 1192 588 1225 patre
614 1186 782 1225 Georgio
807 1186 1012 1221 Schwarzerd‚
1033 1196 1178 1214 armorum
1197 1188 1337 1224 magistro
1357 1187 1502 1224 Principis
1526 1187 1652 1216 Palatini
1677 1188 1837 1222 Electoris,
1865 1193 1954 1216 matre
1981 1188 2163 1223 Bai-bara,

153 1233 215 1261 filia
238 1232 392 1260 Ioannis
415 1231 617 1265 Reutheri,
638 1231 686 1268 qui
706 1236 731 1258 ct
752 1230 950 1267 praefecturae
971 1230 1070 1267 oppidi
1090 1240 1207 1258 munere
1232 1240 1282 1267 per
1302 1230 1413 1268 aliquot.
1431 1240 1523 1258 annos
1543 1230 1658 1259 functus
1685 1237 1735 1259 nst.
1756 1247 1798 1251 —
1816 1229 1922 1258 Scribit
1950 1231 2105 1269 Philippus
2130 1231 2160 1259 in

153 1276 279 1312 epistola
304 1276 340 1303 ad
366 1275 567 1302 Matthesiumt
595 1279 680 1310 „ante
705 1274 859 1308 s1·xaginta
885 1283 976 1301 annos
1005 1282 1085 1301 meus
1111 1278 1192 1310 pater
1216 1274 1285 1301 mihi
1312 1274 1437 1302 describi
1462 1275 1602 1312 γενέθλια
1626 1275 1738 1302 curavit
1762 1285 1779 1302 a
1798 1274 1924 1302 Palatini
1948 1275 2163 1309 Mathematiso,

154 1319 217 1346 viro
237 1318 406 1355 ingenioso,
431 1317 630 1351 Hassurto,
654 1317 747 1344 amico
766 1326 828 1344 suo.
875 1317 907 1344 ln
935 1326 968 1344 ea
990 1317 1190 1352 praedictione
1216 1317 1323 1344 diserte
1346 1318 1484 1354 scriptum
1505 1322 1564 1352 est,
1588 1318 1694 1345 itinera
1718 1328 1762 1345 me
1788 1319 1825 1346 ad
1851 1318 1974 1346 Boream
1998 1318 2164 1355 periculosa.

152 1361 320 1389 habiturum
346 1369 424 1395 esse,
450 1365 478 1388 et
502 1370 546 1387 me
572 1360 600 1387 in
626 1360 698 1387 mari
727 1359 841 1387 Baltico
864 1359 1049 1396 naufragium
1077 1368 1139 1388 esse
1163 1360 1314 1387 facturum.
1359 1359 1454 1397 Saepe
1484 1361 1605 1388 miratus
1631 1370 1710 1395 sum,
1736 1370 1787 1389 cur
1811 1360 1880 1389 mihi
1899 1366 1968 1389 nato
1992 1361 2021 1389 in
2040 1360 2163 1389 collibus

153 1403 260 1432 Rheno
279 1404 382 1432 vicinis
401 1403 580 1441 praedixerit
598 1402 727 1440 pericula
744 1403 774 1430 in
795 1405 904 1430 Arctoo
924 1401 1051 1430 Oceano.
1097 1402 1162 1430 Nec
1181 1403 1259 1431 volui
1286 1412 1319 1431 eo
1345 1404 1485 1431 accedere
1511 1408 1632 1432 vocatus
1660 1405 1689 1432 iu
1715 1404 1895 1432 Britanniam
1922 1409 1949 1432 et
1971 1405 2000 1431 in
2025 1403 2162 1432 Daniam.

153 1447 254 1475 Metuo
276 1452 372 1474 tamen
392 1447 461 1481 fata,
481 1446 594 1474 etiamsi
613 1455 671 1473 non
691 1455 755 1474 sum
774 1444 918 1474 Stoicus.“

995 1555 1151 1586 ANNO
1196 1555 1320 1586 150⁷.

309 1633 347 1662 D.
368 1634 417 1661 27.
438 1631 501 1660 Oct.
522 1634 644 1661 moritur
662 1639 743 1670 pater
763 1634 893 1671 Philippi
913 1643 948 1661 ea
966 1634 1001 1661 de
1020 1643 1116 1669 causa,
1137 1639 1167 1661 ut
1186 1633 1349 1670 serebatur,
1369 1636 1447 1672 quod
1466 1646 1492 1663 a.
1518 1637 1606 1664 1504.
1627 1636 1804 1671 Monhemii,
1824 1637 1873 1664 ubi
1899 1646 1980 1664 arma
1998 1637 2035 1664 ad
2058 1636 2165 1664 bellurn

153 1677 293 1715 parabat,
315 1686 352 1704 ex
371 1681 459 1713 puteo
479 1685 590 1704 veneno
608 1677 717 1704 infecto
737 1676 866 1704 bibisset.
914 1676 1042 1714 Reliquit
1061 1675 1225 1714 Georgius,
1250 1682 1364 1714 praeter
1383 1678 1566 1716 Philippum,
1590 1679 1682 1707 filium
1707 1678 1923 1718 Georgium,
1950 1679 2088 1717 Philippo
2114 1681 2166 1707 mi-

153 1729 254 1748 norem
278 1720 361 1748 annis
379 1729 438 1747 non
457 1728 575 1757 prorsus
593 1724 735 1756 quatuor,
763 1724 791 1747 et
810 1724 869 1747 tres
894 1719 984 1753 silias,
1015 1729 1089 1757 quos
1118 1725 1200 1758 fatre
1219 1721 1338 1749 orbatos
1356 1731 1427 1750 avus
1452 1722 1613 1750 Ioannes
1640 1722 1689 1750 Re
1700 1722 1824 1757 uther,
1851 1723 1899 1759 qui
1926 1723 2028 1751 eodem
2052 1731 2166 1760 quoque

155 1771 234 1790 auno
259 1763 340 1796 obiit,
359 1762 436 1800 apud
455 1771 486 1790 se
506 1763 622 1790 educari
645 1762 744 1791 voluit.

998 1873 1154 1904 ANNO
1201 1873 1325 1906 1508.

313 1950 429 1987 „Quum
448 1951 476 1978 in
495 1951 593 1978 ludum
613 1951 759 1988 publicum
780 1953 962 1980 mitterentur
984 1953 1064 1989 pueri
1085 1953 1125 1980 illi
1145 1953 1248 1981 fratres
1268 1955 1362 1990 coepit
1388 1959 1446 1981 tum
1467 1954 1528 1981 lues
1548 1953 1633 1981 foeia
1659 1955 1764 1992 passim
1790 1955 1922 1982 homines
1952 1955 1981 1982 in
2007 1953 2170 1982 Germania

156 1995 282 2032 primum
302 1994 455 2027 invadere,
477 1998 506 2021 et
528 1995 662 2021 miserum
688 1995 716 2022 in
737 1995 853 2023 modum
881 2005 937 2023 non
964 1996 1058 2024 solum
1086 1997 1300 2031 excruciando,
1324 1997 1374 2024 sed
1401 1997 1579 2031 mutilando,
1606 2003 1632 2024 et
1660 1997 1788 2025 membra
1815 1997 1999 2033 depascendo
2026 1997 2169 2034 affligere,

155 2046 243 2074 quam
270 2035 484 2074 Ilz'spcmicam
518 2037 665 2071 nonnulli,
692 2037 821 2074 plerique
850 2037 1007 2067 Gallicam
1040 2039 1238 2067 nominabant.
1291 2039 1357 2075 Quo
1388 2039 1464 2067 malo
1499 2049 1586 2076 quum
1617 2041 1788 2078 Magistrum
1821 2040 1882 2068 ludi
1913 2049 1984 2068 avus
2014 2050 2170 2078 puerorum

156 2084 307 2109 maternus
334 2080 467 2107 laborare
492 2080 673 2113 rescivisset,
699 2081 901 2118 contagionem
927 2087 1074 2115 metuens,
1099 2087 1221 2119 nepotes
1239 2083 1318 2110 domi
1345 2084 1421 2120 apud
1448 2092 1478 2110 se
1504 2083 1671 2111 retinendos
1696 2084 1808 2111 duxit.“
1857 2081 2018 2116 (Camerar.
2045 2085 2074 2111 in
2102 2084 2170 2111 Vita

157 2123 224 2152 Mel.
246 2133 274 2160 p.
296 2123 337 2158 6.)
384 2122 592 2160 Praeceptores
616 2123 717 2150 habuit
740 2133 816 2151 nunc
847 2124 1020 2152 Ioannem
1051 2124 1263 2162 Hungarum
1290 2131 1316 2153 et
1344 2125 1541 2163 Georgium
1566 2125 1775 2161 Simlurum,
1806 2127 1881 2154 ludis
1906 2126 2082 2154 Phoreensis
2108 2127 2169 2154 Ma—

155 2167 289 2203 gistrum.
343 2165 389 2192 De
414 2165 557 2202 ilungaro
581 2168 710 2203 (mortuo
735 2175 811 2194 anno
844 2168 947 2203 1553.)
972 2168 1139 2196 Melanthon
1164 2169 1193 2196 in
1214 2169 1361 2206 Explicat.
1384 2169 1526 2206 Evangel.
1552 2168 1638 2197 Dom.
1666 2180 1693 2207 p.
1720 2171 1791 2198 304.
1817 2169 1849 2197 P.
1873 2168 1926 2197 ΙΙΙ.
1952 2169 2024 2197 haec
2048 2174 2170 2198 testatus

157 2213 215 2237 est:
238 2209 320 2245 „Ego
341 2208 426 2236 habui
447 2214 680 2246 praeceptorem,
700 2209 749 2246 qui
770 2209 823 2237 fuit
842 2210 989 2238 excellens
1008 2212 1224 2248 grammaticus.
1244 2228 1285 2233 ——-
1306 2212 1359 2239 Ille
1378 2213 1475 2250 adegit
1498 2222 1543 2240 me
1568 2213 1604 2240 ad
1625 2212 1871 2245 Grammaticam,
1898 2217 1923 2240 et
1943 2212 1984 2240 ita
2002 2213 2114 2249 adegit,
2139 2216 2172 2240 ut

159 2252 392 2280 constructiones
415 2251 554 2280 facerem:
582 2253 708 2289 cogebar
726 2253 849 2280 reddere
867 2253 985 2290 regulas
1004 2255 1229 2282 constructionis
1248 2265 1300 2292 per
1319 2264 1418 2284 versus
1438 2256 1591 2283 Mantuani
1611 2257 1650 2283 ’ΖΟ
1671 2260 1720 2283 aut
1741 2257 1790 2284 30.
1837 2255 1920 2283 Nihil
1941 2256 2104 2292 patiebatur
2124 2265 2170 2284 me

159 2295 308 2327 omittere3
332 2295 446 2331 quoties
469 2296 599 2323 errabam
619 2296 705 2323 dabat
726 2295 826 2333 plagas
846 2296 926 2331 mihi,
945 2301 973 2324 et
992 2301 1088 2325 tamen
1109 2307 1142 2325 ea
1160 2298 1368 2333 moderatione,
1388 2308 1462 2335 quae
1483 2303 1544 2326 erat
1563 2299 1750 2327 conveniens.
1798 2298 1842 2326 Ita
1866 2307 1911 2326 me
1930 2298 1997 2326 fecit
2016 2297 2170 2327 Gramma-

160 2337 260 2377 tieum.
305 2337 377 2365 Erat
395 2338 438 2365 vir
456 2339 593 2376 optimus,
612 2339 714 2368 dilexit
733 2349 777 2366 me
798 2343 829 2366 ut
846 2339 946 2374 tilium,
966 2344 994 2367 et
1012 2349 1066 2376 ego
1087 2350 1151 2368 eum
1171 2345 1201 2368 ut
1219 2343 1360 2378 patrem.“
2017 2347 2019 2350 ’

314 2378 361 2407 De
380 2381 476 2408 indole
497 2386 523 2409 et
550 2382 652 2409 studiis
679 2381 808 2419 Philippi
835 2382 889 2409 hoc
913 2388 1042 2419 ternpore
1069 2381 1253 2412 Camerarius
1276 2385 1306 2412 in
1332 2385 1391 2412 vita
1417 2384 1612 2412 Melanthonis
1637 2384 1721 2412 haec:
1751 2383 1901 2419 „Eminuit
1925 2385 2022 2412 statim
2046 2385 2077 2412 in
2100 2385 2171 2413 Phi·

160 2422 242 2460 lippo
261 2424 438 2460 praestantia
456 2424 574 2461 ingenii,
595 2425 673 2462 quod
693 2429 721 2452 et
740 2424 873 2452 celeriter
892 2426 1052 2462 perciperet
1074 2431 1160 2463 atque
1179 2427 1439 2464 comprehenderet
1458 2437 1532 2462 quae
1555 2427 1760 2461 tradebantur,
1784 2431 1809 2455 et
1829 2427 1953 2455 fideliter
1980 2428 2168 2463 meminisset,

160 2470 188 2494 et
207 2465 318 2503 liqrido
338 2475 485 2503 exponere
503 2467 554 2495 illa
571 2468 668 2495 sciret.
714 2467 812 2505 thue
831 2468 862 2496 fit
884 2469 913 2496 in
932 2469 1083 2506 generosis
1107 2470 1226 2504 animis,
1252 2471 1281 2498 in
1309 2471 1411 2507 puerili
1435 2475 1493 2498 tuni
1520 2470 1605 2497 etiarn
1632 2475 1725 2498 aetate
1752 2471 1909 2498 admodum
1934 2471 2084 2507 quiescere
2110 2480 2168 2499 non

160 2513 292 2546 poterat,
312 2509 363 2536 sed
381 2510 537 2546 quaerebat
558 2510 664 2547 ubique
683 2511 819 2547 aliquem,
839 2521 904 2539 cum
924 2521 980 2548 quo
999 2512 1035 2540 de
1054 2513 1161 2541 auditis
1179 2514 1349 2551 disputaret.
1395 2514 1439 2541 Ea
1465 2517 1545 2540 eraut
1563 2513 1699 2540 nimirum
1726 2518 1882 2550 praecepta
1908 2514 1978 2541 artis
2003 2515 2169 2551 grammati-

162 2560 212 2580 cae
233 2557 261 2579 et
279 2551 362 2579 initia
380 2553 522 2580 sermonis
542 2553 634 2581 latini.
654 2571 695 2575 —
715 2553 884 2581 Ferventior
902 2555 1104 2592 incitatiorque
1127 2556 1156 2584 in
1176 2567 1211 2585 eo
1231 2557 1345 2584 animus
1363 2557 1482 2584 immitis
1501 2560 1551 2583 aut
1576 2565 1681 2584 saevus
1708 2566 1766 2584 non
1791 2557 1859 2590 fuit,
1886 2566 2008 2594 cumque
2033 2563 2109 2585 esset
2133 2558 2168 2585 ad

160 2595 342 2623 iracundiam
361 2596 490 2632 pronior,
509 2596 582 2624 nihil
604 2601 701 2624 tamen
727 2596 795 2624 feeit
818 2606 946 2634 unquam
970 2603 1148 2634 commotus,
1172 2600 1250 2637 quod
1273 2600 1417 2636 insignem
1442 2599 1561 2626 haberet
1585 2599 1818 2633 deformitatem,
1844 2604 1893 2627 aut
1912 2601 2030 2628 omnino
2051 2609 2174 2638 mugno-

369 2662 514 2681 ussmu‘rn.
536 2662 617 2683 oren.
637 2663 700 2683 vot..
720 2663 820 2683 xxvm,
1941 2661 1963 2682 A
