2299 2921
172 148 235 186 361
472 155 510 186 ll.
544 153 734 186 lNDlCES.
778 154 820 186 K.
851 153 990 186 INDEX
1015 153 1253 187 CARMINUM
1277 153 1616 187 ALPHABETICUS
1639 155 1727 187 PER
1750 155 1895 188 lNlTlA.

173 248 272 286 Iungit
293 258 376 278 amor
399 250 587 287 quandoque.
620 249 660 286 X,
685 250 756 280 665.

174 293 258 320 Iusta
275 292 332 320 Dei
356 297 465 320 sontes.
501 293 543 328 X,
568 294 640 322 659.

174 334 257 363 Iusta
279 334 364 363 malis
387 335 469 364 haec.
505 335 545 371 X,
570 337 642 365 551.

173 377 255 406 Iusta
275 378 467 407 sacerdotum.
502 369 543 413 X,
569 380 640 407 607.

173 420 300 449 Leuctra
322 420 394 449 mihi
419 426 485 449 sunt
508 431 603 450 curae.
637 420 677 456 X,
697 421 768 452 621.

172 462 237 491 Lex
261 463 361 490 divina
383 464 446 492 tibi.
482 463 522 500 X,
547 465 617 493 654.

172 504 262 533 Libra
285 506 341 534 diei
364 507 524 544 somnique.
555 507 592 542 V,
617 507 688 536 419.
744 502 746 505 ’

172 547 270 585 Ligna
292 549 364 576 mihi
387 549 496 579 dulces.
531 549 572 584 X,
596 549 667 578 535.

173 590 266 619 Livor
288 592 331 619 ait
347 591 478 621 Phoebo.
510 591 551 627 X,
575 592 644 621 603.

175 634 275 671 Magni
298 635 413 663 consilii
437 635 495 672 qui.
530 633 571 669 X,
597 634 667 664 632.

174 677 263 704 Mane
286 677 366 705 vehit
389 687 487 715 supra.
523 676 563 712 X,
589 678 659 706 540.

174 719 318 757 Mai-garis
340 721 371 748 in
394 721 520 749 conchis.
556 719 596 755 X,
623 720 692 749 618.

173 762 222 789 Me
245 763 354 790 iussere
378 762 484 791 Duces.
518 762 559 798 X,
584 764 655 792 576.

174 804 306 833 Membra
327 806 393 833 rudi
417 816 431 834 e
455 810 541 835 terra.
576 805 616 841 Χ,
642 807 713 835 571.

173 847 258 875 Mens
281 853 400 876 aeterna
422 849 511 877 Deus.
546 848 587 883 Χ,
611 850 681 878 617.

173 885 270 919 Mersa
293 896 356 919 erat
378 892 408 919 in
432 896 530 921 tetras.
567 891 606 926 X,
632 892 702 920 604.

172 932 266 961 Missa
288 933 509 971 Hamburgiaci.
541 934 583 970 X,
608 935 678 964 655.

172 975 257 1004 Mitte
279 977 350 1005 mihi
374 977 530 1015 Physicen,
565 976 605 1011 X,
631 978 702 1006 541.

173 1017 300 1053 Moenia,
325 1028 399 1056 quae
422 1025 541 1049 vestras.
576 1019 616 1054 Χ,
641 1020 712 1049 594.

173 1061 315 1090 Mortales
338 1063 476 1091 nondum.
512 1062 551 1097 X,
578 1063 648 1091 604.

172 1104 240 1132 Mos
263 1109 345 1134 vetus
367 1110 394 1133 et
417 1106 520 1142 prima.
556 1104 596 1137 X,
622 1105 691 1132 572.

173 1145 270 1175 Mulae
293 1148 451 1184 asinaeque
472 1148 554 1176 duos.
585 1146 626 1182 X,
651 1147 722 1176 566.

173 1189 266 1217 Multa
289 1191 327 1217 sit
349 1191 378 1217 in
402 1200 495 1218 versu.
527 1189 567 1225 X,
592 1189 662 1219 670.

172 1231 282 1259 Multos
304 1233 442 1260 iubebant
464 1234 581 1261 Persae.
617 1232 657 1267 X,
682 1233 753 1262 494.

171 1273 238 1303 Mus
261 1275 367 1310 brevis,
392 1280 419 1303 et
443 1276 559 1304 saliens.
594 1274 634 1310 X,
658 1276 728 1304 661.

172 1315 251 1344 Nam
276 1319 405 1346 veritatis
428 1324 480 1346 est.
516 1317 555 1353 X,
581 1319 651 1348 550.

171 1358 288 1388 Natalis
310 1361 385 1388 redit
407 1371 529 1390 annuus.
565 1360 606 1395 X,
630 1361 699 1390 639.

172 1401 219 1429 Ne
242 1412 297 1439 res,
322 1414 386 1432 cum
408 1404 532 1433 iaceant.
569 1403 642 1437 XX,
669 1405 739 1433 767.

172 1444 238 1473 Nec
259 1447 314 1474 nisi
338 1447 451 1476 librato.
483 1446 522 1481 X,
548 1448 619 1476 669.

172 1486 238 1516 Nec
260 1493 289 1517 tu
315 1489 412 1517 Gnate
435 1489 500 1518 Dei.
535 1489 575 1524 X,
602 1491 671 1519 631.

172 1531 268 1559 Nemo
291 1537 403 1569 patrem
427 1534 516 1562 novit.
552 1532 593 1567 Χ,
619 1534 689 1562 659.

172 1574 307 1603 Nestoris
331 1576 486 1612 eloquium.
521 1575 560 1611 X,
586 1576 655 1605 64⁷.

171 1616 223 1645 Nil
247 1627 320 1652 sum,
344 1619 424 1646 nulla
448 1620 545 1648 miser.
590 1617 630 1653 X,
655 1619 725 1648 628.

171 1660 266 1689 Nobis
289 1671 410 1689 munera
431 1667 522 1698 grata.
554 1660 593 1695 X,
619 1661 689 1690 528.

170 1702 289 1732 Noctua
311 1710 343 1732 ut
365 1705 395 1732 in
417 1705 523 1742 gelido,
557 1704 597 1740 X,
623 1704 693 1733 668.

170 1745 323 1775 Nocturna
346 1752 459 1775 versate
482 1757 577 1775 manu.
607 1746 647 1781 X,
673 1747 743 1776 591.

169 1788 297 1817 Nomine
320 1800 393 1826 quae
417 1791 547 1827 sophiae.
581 1789 621 1825 X,
644 1791 715 1818 493.

170 1831 241 1859 Non
265 1833 413 1861 ardentior
437 1834 522 1861 edita.
560 1833 615 1868 IX,
641 1833 710 1861 376.

170 1873 240 1903 Non
265 1884 335 1903 casu
359 1876 490 1904 volucres
514 1893 555 1897 -—-
577 1876 708 1904 Consilio
732 1885 859 1905 servans.
893 1876 933 1913 X,
958 1878 1029 1906 610.

170 1916 240 1946 Non
265 1928 333 1945 casu
359 1919 490 1947 volueres
515 1936 554 1939 ff·
579 1918 686 1947 Omnia
705 1921 845 1948 miranda.
879 1920 919 1956 X,
945 1921 1016 1950 537.

169 1959 240 1989 Non
265 1970 333 1989 casu
358 1962 489 1989 volueres
516 1979 552 1983 --
577 1960 685 1990 Omnia
709 1972 782 2000 quae
805 1964 886 1992 mira.
922 1962 961 1998 X,
988 1964 1058 1993 611.

169 2002 239 2032 Non
263 2013 350 2032 coeco
374 2014 452 2033 casu.
485 2003 524 2039 X,
550 2005 621 2034 650.

168 2045 237 2074 Non
262 2047 332 2074 deus
356 2052 400 2075 est
422 2057 537 2075 numen.
574 2047 655 2082 VIII,
681 2048 751 2078 672,

168 2088 239 2117 Non
262 2089 344 2117 Deus
367 2090 503 2119 ostendit.
538 2091 578 2125 X,
603 2092 672 2120 649.

168 2131 238 2160 Non
261 2133 329 2160 ferri
352 2142 430 2161 casu.
466 2132 507 2168 X,
532 2134 603 2163 578.

167 2174 237 2203 Non
261 2176 351 2203 fertur
373 2176 470 2204 dubio.
504 2175 544 2211 X,
568 2177 639 2205 601.

167 2217 237 2245 Non
260 2219 342 2247 labor
366 2220 394 2246 in
413 2218 551 2246 Domino.
584 2219 624 2254 X,
650 2220 720 2249 659.

165 2259 236 2289 Non
258 2262 376 2290 modere
399 2261 504 2291 valent.
540 2261 580 2296 X,
604 2262 674 2291 532.

165 2302 235 2331 Non
258 2309 358 2341 peetus
382 2304 477 2333 ullius.
513 2304 555 2339 X,
579 2306 649 2334 541.

164 2345 235 2374 Non
257 2348 373 2385 penitus
395 2347 491 2376 ullius.
525 2348 565 2382 X,
591 2348 662 2377 542.

165 2387 236 2417 Non
260 2398 344 2426 quem
368 2391 423 2418 sibi
447 2391 556 2418 nidum.
594 2390 634 2425 X,
660 2390 730 2420 668.

164 2429 235 2460 Non
258 2433 300 2460 sie
320 2433 494 2462 Daedaleus.
529 2432 570 2468 X,
597 2434 666 2463 654.

163 2473 233 2503 Non
255 2476 354 2504 urbem
376 2477 480 2514 superi.
522 2475 563 2511 X,
589 2477 659 2505 554.

163 2515 229 2546 Nos
252 2528 368 2556 quoque
392 2519 547 2547 Poeonias.
581 2519 622 2555 Χ,
647 2520 718 2549 514.

163 2558 282 2590 Nostris
301 2560 413 2591 Cordus
436 2562 466 2589 in
489 2562 618 2591 aedibus.
654 2562 692 2597 X,
717 2562 788 2591 508.

162 2601 233 2631 Nox
257 2605 304 2632 ubi
329 2605 475 2634 roriferas.
511 2604 552 2640 X,
577 2606 647 2634 538.

1185 327 1188 369 Ι

1185 370 1188 401 Ῑ

1184 522 1187 543 ι

1181 546 1185 558 Ι

1182 670 1185 688 Ι

1180 1399 1183 1446 l

1176 1566 1182 1673 l

1213 249 1305 278 Nulla
1327 250 1440 285 domus,
1463 260 1523 279 non
1541 250 1610 280 ulla.
1642 250 1683 285 X,
1708 250 1778 280 520.

1212 293 1305 322 Nulla
1328 293 1437 329 Venus,
1459 293 1542 322 nulli.
1582 292 1622 328 X,
1643 294 1714 323 505.

1212 335 1333 364 Nullius
1356 341 1400 364 est
1422 336 1521 365 foelix.
1553 335 1594 372 X,
1620 336 1689 366 652.

2133 158 2196 190 362

1212 379 1332 407 Numen
1354 383 1387 407 ut
1409 380 1519 407 aeterni
1542 380 1660 417 sapiens
1687 394 1725 400 -—
1747 378 1834 407 quta
1851 379 1920 407 illas
1939 380 2026 408 etiam
2044 380 2195 412 Ioaehimi.

1256 421 1324 456 VII,
1347 422 1417 451 956.

1211 463 1330 492 Numen
1353 469 1385 493 ut
1407 465 1518 493 aeterni
1540 465 1658 502 sapiens
1682 481 1723 485 -—
1753 464 1841 493 quta
1868 465 1935 493 illas
1959 465 2046 494 etiam
2071 466 2195 504 supplex

1257 507 1465 545 Hieronymus.
1499 507 1568 542 VII,
1594 509 1666 538 960.

1210 549 1329 577 Numen
1358 554 1390 577 ut
1418 551 1528 579 aeterni
1559 551 1676 588 sapiens
1708 567 1748 572 -—-
1769 555 1801 579 ut
1830 551 1899 588 quia
1927 549 2076 589 Stigelius.

1211 635 1300 663 Nunc
1322 636 1358 662 de
1381 635 1544 673 syderibus.
1578 635 1619 671 X,
1643 636 1714 666 528.

1210 677 1236 705 O
1260 678 1394 715 princeps
1416 678 1578 707 hederama
1593 678 1633 713 X,
1657 679 1727 709 529.

1210 719 1236 748 Ο
1261 721 1359 758 superi
1381 721 1478 748 talem.
1511 720 1552 756 X,
1577 723 1649 750 484.

1210 762 1236 792 Ο
1260 763 1370 792 utinam
1394 769 1502 793 vatum.
1533 763 1574 800 X,
1600 765 1669 795 651.

1210 804 1344 835 Obscura
1367 808 1460 835 donec
1483 808 1600 845 tegitur.
1636 809 1672 843 V,
1697 807 1766 838 292.

1209 847 1283 877 Ocia
1307 849 1374 877 dum
1398 850 1513 878 faciunt.
1545 850 1585 885 X,
1607 851 1677 880 492.

1209 890 1283 920 Ocia
1305 901 1363 920 non
1387 893 1500 922 animis.
1535 892 1577 928 X,
1603 895 1672 922 561.

1208 933 1316 962 Omnia
1340 936 1523 973 contigerint.
1558 936 1614 971 III,
1641 937 1731 966 1163.

1209 976 1316 1005 Omnia
1338 987 1390 1015 per
1413 988 1477 1006 sese
1503 979 1560 1015 qui.
1598 979 1636 1013 X,
1661 980 1732 1008 483.

1208 1018 1316 1047 Omnia
1338 1025 1405 1048 sunt
1428 1021 1586 1050 hominum.
1611 1021 1664 1057 ιΧ,
1686 1022 1757 1051 619.

1208 1062 1316 1090 Omnia
1338 1068 1405 1091 sunt
1427 1065 1550 1102 ingrata.
1579 1063 1619 1099 X,
1645 1064 1716 1093 481.

1209 1104 1317 1132 Omnia
1340 1111 1422 1134 vasta
1444 1107 1522 1135 facit.
1556 1106 1595 1142 X,
1621 1108 1691 1136 605.

1207 1146 1401 1185 Omnipoiens
1425 1158 1543 1177 aeterne
1567 1150 1657 1178 Deus.
1691 1150 1731 1185 X,
1756 1150 1826 1180 644.

1208 1189 1363 1227 Oppressit
1386 1192 1530 1221 reducem.
1561 1191 1601 1226 X,
1627 1192 1698 1221 562.

1208 1232 1324 1270 Optime
1349 1233 1474 1269 Christe,
1497 1241 1572 1263 tuae.
1604 1234 1643 1270 X,
1668 1236 1740 1264 515.

1208 1274 1325 1312 Optime
1349 1286 1434 1313 quem
1458 1287 1604 1314 praesens.
1642 1277 1681 1312 X,
1707 1278 1775 1308 504.

1207 1317 1343 1347 Ostendit
1366 1321 1449 1348 torris
1472 1327 1509 1349 et.
1539 1319 1579 1355 X,
1605 1321 1675 1350 633.

1208 1360 1307 1390 Pallas
1331 1363 1422 1398 adest,
1446 1373 1612 1401 vocemque.
1644 1363 1685 1398 X,
1711 1364 1780 1393 548.

1210 1404 1300 1431 Parva
1326 1405 1429 1433 domus
1452 1406 1564 1435 viduae.
1598 1406 1637 1441 X,
1663 1407 1733 1435 590.

1208 1447 1303 1475 Parva
1326 1448 1401 1476 iacet
1418 1449 1527 1478 Thebe.
1563 1449 1603 1484 X,
1628 1450 1700 1478 569.

1208 1489 1307 1518 Pauca
1330 1501 1384 1528 ego
1408 1501 1471 1520 sum
1495 1492 1585 1521 vobis.
1622 1491 1662 1527 X,
1686 1492 1755 1521 521.

1208 1532 1317 1561 Paulus
1340 1535 1376 1562 ad
1401 1535 1531 1572 exiguas.
1568 1535 1621 1568 ΙΙΙ,
1648 1535 1718 1563 336.

1208 1576 1314 1604 Pectus
1338 1581 1368 1604 ut
1392 1578 1421 1605 in
1445 1588 1564 1615 sponsO.
1598 1578 1639 1613 X,
1660 1578 1730 1606 645.

1206 1618 1300 1656 Perge
1322 1621 1393 1648 mihi
1415 1619 1511 1649 Latio.
1547 1620 1586 1656 X,
1611 1621 1682 1650 527.

1206 1662 1365 1690 Pindarum
1390 1664 1522 1701 quisquis
1547 1664 1633 1692 volet.
1662 1663 1699 1698 V,
1725 1664 1795 1693 781.

1204 1705 1330 1742 Pingere
1352 1716 1432 1734 more
1455 1716 1530 1734 me-o.
1567 1708 1590 1742 Ι,
1616 1708 1686 1736 648.

1205 1748 1276 1775 Plus
1299 1750 1370 1777 satis
1394 1754 1435 1777 est
1454 1754 1558 1777 actum.
1593 1750 1616 1784 Ι,
1643 1750 1711 1778 120.

1204 1790 1363 1828 Postquam
1387 1793 1482 1829 epulis
1505 1797 1629 1821 exemta.
1659 1791 1700 1827 X,
1725 1793 1796 1821 493.

1202 1833 1362 1871 Postquam
1386 1835 1472 1862 hodie
1496 1835 1640 1863 Phoebus.
1674 1834 1715 1870 X,
1739 1836 1809 1864 540.

1202 1878 1359 1905 I’randebit
1385 1878 1539 1907 Fuchsius.
1570 1878 1609 1913 X,
1635 1880 1705 1907 457.

1176 1934 1177 1947 ι
1203 1920 1301 1947 Prima
1324 1921 1491 1949 salutantes.
1527 1920 1566 1953 X,
1592 1923 1661 1951 671.

1176 1974 1177 1987 π
1203 1963 1347 2001 Principis
1369 1964 1506 1992 Ascania.
1542 1964 1581 1999 X,
1606 1964 1677 1992 620.

1175 2009 1177 2043 ξ
1203 2006 1347 2044 Principis
1372 2007 1417 2034 hie
1442 2008 1578 2035 tumulus.
1613 2005 1653 2041 X,
1677 2008 1746 2036 537.

1175 2049 1177 2058 ⁴
1203 2049 1349 2077 Promissa
1374 2054 1418 2078 est
1441 2060 1457 2077 a
1478 2056 1514 2078 te.
1550 2049 1590 2085 X,
1615 2050 1687 2078 503.

1202 2092 1358 2120 Proximus
1383 2093 1429 2120 hic
1453 2094 1588 2122 tumulus,
1625 2092 1664 2127 X,
1691 2093 1762 2122 641.

1202 2134 1326 2164 Publica
1348 2145 1404 2163 nou
1430 2145 1557 2173 prorsus.
1594 2135 1632 2170 X,
1657 2136 1729 2165 553.

1201 2177 1310 2215 Pungit
1332 2179 1396 2215 apis
1419 2188 1548 2215 puerum.
1584 2179 1624 2212 Χ,
1645 2179 1715 2207 659.

1201 2220 1267 2255 Qua
1290 2222 1408 2258 rog-ione
1431 2222 1570 2249 Arabum.
1606 2221 1646 2255 X,
1672 2221 1740 2249 624.

1174 2267 1176 2290 ἒ
1201 2263 1284 2299 Quae
1306 2264 1357 2292 lux
1380 2270 1443 2292 orta
1466 2264 1526 2293 fuit.
1560 2264 1600 2299 Χ,
1625 2264 1695 2292 657.

1173 2329 1175 2339 ,
1200 2306 1304 2342 Qualis
1327 2312 1396 2341 erat,
1420 2312 1521 2336 terras.
1558 2306 1597 2341 X,
1624 2308 1694 2335 531.

1173 2344 1175 2356 ⁸
1201 2348 1304 2384 Qualis
1327 2351 1390 2378 iuco.
1413 2360 1498 2379 nova.
1532 2349 1572 2385 X,
1598 2350 1668 2378 549.

1200 2392 1340 2428 Quamvis
1363 2393 1435 2421 dura
1457 2393 1555 2420 feram.
1588 2391 1629 2427 X,
1655 2393 1726 2421 517.

1200 2436 1341 2471 Quamvis
1364 2437 1478 2474 ingrata
1501 2441 1553 2464 est.
1586 2434 1626 2469 X,
1649 2435 1720 2464 553.

1172 2512 1175 2517 γ
1200 2478 1373 2516 Quanquam
1398 2480 1483 2508 urbes
1508 2483 1536 2506 et
1557 2488 1655 2515 regna.
1688 2477 1728 2513 X,
1753 2478 1823 2507 652.

1173 2521 1175 2553 l
1199 2522 1332 2557 Quantus
1356 2527 1418 2550 <frat
1439 2522 1529 2550 dolor.
1563 2521 1603 2558 X,
1627 2522 1697 2551 623.

1173 2569 1174 2575 ¹
1199 2564 1299 2599 Quare
1321 2566 1357 2593 ad
1381 2570 1523 2602 pastores.
1557 2564 1597 2595 Χ,
1623 2563 1692 2592 542.

1199 2608 1280 2644 Quas
1302 2609 1435 2636 dedimus
1459 2608 1582 2635 chartae.
1618 2605 1657 2640 X,
1683 2608 1753 2636 541.

2125 551 2184 579 VII

2186 574 2194 589 2
