2299 2921
162 102 229 134 279

205 196 292 233 Quod
316 197 455 225 hactenus
477 197 514 224 ad
537 194 614 225 Cels.
638 196 674 225 T.
699 195 738 231 ΙΙ,
764 197 833 226 735.

205 240 353 269 Reversus
375 241 405 268 111
427 244 553 267 veterem
576 238 761 268 soraborum.
785 239 838 274 VI,
862 239 933 269 733.

205 282 273 311 Scio
297 282 330 312 C.
356 283 391 311 T.
413 292 501 319 saepe
524 283 569 310 de.
594 283 629 317 V,
654 283 702 309 40.

206 324 275 354 Scio
298 325 332 354 C.
356 326 392 354 V.
417 334 470 354 suo
492 325 674 361 gravissimo.
698 324 735 359 V,
759 323 830 352 772.

206 367 275 397 Scio
294 368 463 404 Principum
487 367 683 395 facultatibus.
708 367 745 401 V,
769 367 839 396 867.

206 410 327 448 Semper
345 411 441 447 inquit
463 409 610 438 Irenaeus.
634 409 687 444 VI,
712 410 783 438 835.

207 453 239 482 Si
261 462 353 491 genus
373 453 531 480 humanum
552 461 630 481 casu.
655 451 725 487 VII,
750 452 821 481 310.

206 495 364 534 Sperabam
387 496 444 523 hoc
466 495 610 524 Paschate
633 495 669 524 V.
694 494 729 523 C.
752 498 911 522 venturum.
938 492 1024 529 VIII,
1048 493 1098 522 58.

206 538 301 576 Spero
324 539 495 575 Magistrum
519 537 733 565 Wenceslaum.
757 536 825 572 VII,
849 538 920 566 420.

206 581 404 609 Tabellarium
428 581 506 608 hunc
524 581 634 617 oppidi.
660 579 712 615 VI,
737 580 808 608 250.

205 624 372 652 Teneamus
394 624 470 651 hanc
492 623 730 651 consolationem.
752 621 820 658 ΥΠ,
845 623 915 652 764.

205 667 283 695 Toto
301 670 422 704 pectore
442 666 548 704 ipsum.
572 665 642 700 VII,
667 667 737 695 515.

206 709 324 738 Usitata
342 714 409 738 sunt
431 708 503 736 haec
523 709 610 738 mala.
635 708 688 743 VI,
713 708 784 737 472.

206 751 248 781 Ut
270 752 300 779 in
324 751 443 780 Psalmo
466 751 587 779 dicitur:
610 768 652 772 -
675 751 725 778 ita.
747 749 801 785 VI,
824 750 896 780 478.

205 794 247 823 Ut
269 795 299 822 in
323 794 442 823 Psalmo
465 794 586 822 dicitur:
609 810 651 814 ——
671 803 731 823 seu.
756 793 810 829 VI,
834 793 906 823 462.

205 837 248 866 Ut
270 837 383 865 initium
407 836 559 865 Ecclesiae
582 846 696 866 exorsa.
720 836 774 871 VI,
799 837 870 865 333.

206 880 328 909 Utinam
351 881 468 908 demum
490 880 520 907 in
544 880 596 909 his.
623 879 677 914 VI,
702 880 773 909 916.

205 922 327 951 Utinam
350 922 432 951 Deus
454 923 509 950 det.
533 922 585 958 IV,
607 923 679 951 856.

207 965 284 994 Veni
306 964 437 1003 Lipsiam
456 965 505 993 ubi
527 975 594 994 una.
618 964 688 999 VII,
712 965 784 993 530.

207 1008 283 1036 Veni
304 1008 446 1045 Lipsiam,
470 1012 502 1036 ut
524 1018 590 1036 cum
613 1008 686 1036 viro.
709 1007 778 1041 VII,
802 1007 874 1037 567.

206 1051 335 1080 Veniant
356 1051 393 1078 ad
417 1049 451 1078 C.
476 1051 511 1079 V.
534 1060 599 1079 cum
622 1050 723 1078 literis.
746 1049 802 1085 ΠΙ,
827 1050 898 1078 819.

206 1094 297 1122 Vetus
320 1094 428 1122 dictum
452 1099 496 1122 est
518 1093 648 1122 Periclis.
673 1092 741 1128 VII,
765 1093 836 1121 660.

205 1137 297 1165 Vetus
319 1141 509 1174 praeceptum
528 1141 581 1164 est.
605 1136 657 1171 VI,
682 1135 753 1165 452.

204 1180 334 1208 Vocatus
356 1189 420 1208 sum
438 1180 475 1207 ad
497 1179 644 1216 Iuterbog.
669 1177 738 1213 VII,
759 1177 830 1208 234.

161 1221 343 1259 Georgio,
367 1222 463 1250 Duci
484 1220 663 1250 Silesiae:

204 1265 238 1294 e.
264 1265 296 1298 ἱξ.
317 1265 354 1294 (ὃ.
379 1265 431 1294 bitt
449 1266 486 1299 id.»
509 1265 527 1293 i.
552 1266 587 1293 U.
612 1265 677 1299 biese
700 1264 784 1293 meine
803 1262 920 1297 &chtist-
944 1260 1000 1298 IX,
1025 1262 1086 1291 609

207 1309 239 1337 (Ε.
258 1307 290 1340 ὗ.
310 1307 348 1336 Θ.
369 1308 459 1344 ωὶῆεη
479 1308 520 1337 Die
539 1308 654 1344 gudoiqe
673 1306 861 1343 Qetbeifiung.
884 1304 940 1341 IX,
964 1306 1037 1335 895.

162 1349 345 1387 Georgio,
366 1350 572 1378 Marchioni
590 1349 810 1377 Brandenb.:

204 1394 238 1423 Θ.
260 1393 292 1426 ἓξ.
312 1393 350 1422 Θ.
374 1393 471 1430 ΐςταῃε,
491 1392 525 1423 ob
544 1394 607 1427 aud)
627 1392 668 1422 bie
686 1392 800 1429 ‘messem
831 1390 872 1431 H,
892 1391 964 1420 538.

203 1436 275 1465 Non
297 1440 365 1464 sunt
384 1445 461 1464 nova
483 1435 626 1473 exempla.
649 1435 674 1470 Ι,
700 1436 792 1465 1010.

161 1478 331 1516 Georgio
354 1479 574 1513 Friderico,
598 1478 809 1506 Marchioni
830 1476 1055 1507 Brandenb.=

203 1521 275 1550 Non
296 1522 417 1551 dubium
440 1526 494 1555 est,
516 1521 655 1559 legitima.
678 1520 735 1556 IX,
759 1521 830 1551 425.

161 1563 358 1599 GerbeHo,
382 1564 520 1594 Nicol.:

203 1607 283 1637 Dedi
306 1612 407 1636 nostro
429 1606 559 1636 Setzero.
582 1606 608 1642 Ι,
630 1608 702 1636 973.

205 1651 245 1679 Et
266 1651 346 1679 luctu
368 1655 418 1678 tuo
441 1651 635 1679 vehementer.
660 1650 714 1686 IV,
738 1651 809 1680 923.

166 1692 367 1723 Gerhardo
385 1693 516 1721 Paulo:

207 1735 406 1765 Dulcissimus
428 1745 528 1765 versus
551 1739 595 1764 est
616 1736 726 1773 graeci.
749 1735 790 1772 X,
817 1738 863 1765 11.

207 1779 363 1817 Singulare
385 1779 442 1808 Dei
465 1780 583 1807 donum.
605 1777 647 1814 X,
673 1781 720 1808 11.

166 1821 361 1857 Gersdorf,
384 1822 571 1850 Ioachimo
594 1831 626 1848 a:

208 1866 322 1893 Videtis
343 1865 466 1902 imperia
486 1874 580 1892 ruere.
606 1862 662 1899 IX,
689 1864 774 1893 128.-

167 1906 340 1945 Giganti,
364 1907 493 1935 Ioanni
517 1906 676 1943 (Gigas):

209 1950 312 1979 Clamo
334 1951 371 1978 ad
393 1950 484 1977 filium
502 1949 568 1978 Dei.
590 1948 647 1984 IX,
672 1949 743 1978 844.

208 1993 305 2021 Deum
327 1998 476 2021 aeternum
499 1997 609 2029 patrem
633 2010 683 2019 —.
709 1990 792 2021 Cum.
816 1991 869 2027 VI,
896 1993 964 2021 147.

210 2035 334 2065 Gaudeo
357 2046 410 2065 vos
433 2036 674 2064 coniunctionem.
698 2034 754 2072 IX,
781 2035 849 2064 176.

210 2078 309 2107 Habet
331 2083 411 2107 aetas
430 2084 538 2106 nostra.
562 2078 646 2113 VIII,
670 2078 741 2107 907.

209 2121 280 2150 Non
303 2126 413 2151 tantum
438 2121 602 2158 Halcyone.
626 2120 678 2156 VI,
703 2121 774 2150 507.

210 2165 269 2193 Pro
292 2169 342 2193 tuo
360 2165 496 2193 carmine.
522 2164 559 2198 V,
584 2164 654 2193 679.

209 2207 346 2236 Reditum
366 2208 491 2236 faustum
514 2217 548 2235 ae
571 2206 684 2235 felicem
709 2210 786 2243 opto.
810 2205 879 2241 VII,
904 2206 951 2236 70.

211 2251 289 2278 Vere
311 2248 367 2279 lioc
389 2260 508 2287 possum
531 2249 687 2278 affirmare.
712 2248 797 2284 VIII,
821 2249 892 2279 893.

167 2292 338 2328 Gilbert,
359 2293 537 2321 Martino:

210 2335 304 2364 Deum
325 2340 474 2364 aeternum
498 2340 608 2373 patrem
632 2353 682 2364 —.
708 2334 845 2364 Diaconi.
871 2334 907 2373 V,
930 2334 1001 2365 703.

167 2376 345 2414 Glasero,
364 2378 548 2416 casparo:

209 2420 356 2449 Existimo
379 2422 528 2449 doctrinae
550 2420 736 2449 domicilium.
760 2420 814 2456 VI,
837 2421 909 2451 451.

210 2463 297 2499 Quod
319 2474 364 2492 nie
388 2464 524 2492 delectari
549 2464 759 2500 benevolentia.
783 2464 808 2499 Ι,
832 2464 903 2494 446.

168 2505 343 2541 Gla-sero,
367 2505 604 2535 Sebastiano:

211 2548 410 2578 certissimum
434 2554 488 2584 est,
511 2550 681 2580 doctrinam.
707 2550 775 2583 VII,
800 2550 871 2580 834.

807 100 993 132 PHILIPPI
1016 98 1333 133 MELANTHONIS
1356 97 1516 130 OPERA.

1237 194 1306 222 Fuit
1329 193 1476 222 excellens
1500 194 1590 222 virtus
1612 198 1647 222 et.
1671 193 1738 229 VII,
1765 179 1858 224 1084.

1237 235 1305 265 Scio
1327 241 1356 265 tc
1379 246 1476 274 saepe,
1499 237 1683 274 cogitantem.
1707 237 1774 273 VH,
1801 238 1891 270 1121,

1154 318 1157 319 .
1195 279 1438 317 Gluenspies,
1459 279 1651 318 Philippo:

1238 320 1312 350 Cum
1334 323 1482 350 videamus
1503 333 1588 360 quam
1612 323 1677 352 sint.
1703 322 1786 359 VIII,
1809 322 1859 352 72.

1237 365 1277 392 Et
1297 366 1463 393 constantia
1484 370 1541 394 tua.
1565 365 1619 399 IV,
1644 367 1714 393 881.

1239 407 1364 445 Magnae
1386 408 1526 445 voluptati
1548 408 1640 436 nobis.
1664 409 1687 443 1,
1712 409 1802 438 1013.

1238 451 1345 487 Magno
1369 460 1433 479 cum
1456 451 1564 480 dolore.
1586 450 1640 486 IV,
1666 452 1734 480 110.

1238 491 1306 521 Scio
1329 498 1357 521 te
1375 503 1410 521 ea
1431 494 1548 531 pietate.
1570 493 1626 527 111,
1646 494 1717 523 584.

1238 534 1316 570 Scio,
1339 540 1368 563 te
1389 546 1449 564 non
1472 536 1574 564 solum.
1597 537 1634 571 V,
1660 538 1730 565 470.

1239 577 1307 607 Scio
1329 583 1357 606 te
1379 588 1468 617 saepe
1490 580 1628 617 cogitare.
1652 578 1738 614 VIII,
1758 580 1807 608 43.

1238 621 1335 649 Tanta
1356 620 1409 649 fuit
1431 622 1532 655 virtus,
1556 626 1644 650 tanta.
1666 621 1723 657 III,
1747 622 1817 651 553.

1240 663 1360 692 Utinam
1383 664 1510 701 aliquam
1532 674 1658 702 possem.
1682 664 1737 700 ΠΙ,
1762 665 1832 694 213.

1197 705 1380 741 Goblero,
1404 706 1522 735 Iusto:

1169 778 1171 787 Ι
1240 749 1346 777 Adhuc
1368 758 1431 777 sum
1449 750 1480 777 111
1500 750 1650 779 sententia.
1673 749 1713 785 ΙΙ,
1738 750 1808 779 803.

1169 794 1171 836 ᾗ
1198 790 1476 821 Godeschalco:

1168 843 1172 890 Ι
1239 833 1379 870 Quotidie
1401 845 1453 864 oro
1475 835 1567 863 fflium
1589 833 1655 864 Dei.
1681 834 1766 870 VIII,
1785 835 1856 864 794.

1196 876 1386 912 Goerlitz,
1409 876 1579 906 Senatui:

1196 1004 1467 1043 Goettingensi
1498 1005 1660 1034 Senatui:

1216 1058 1218 1061 ·
1239 1049 1273 1077 Q.
1292 1047 1340 1077 ⁵113.
1361 1050 1440 1085 stigen
1460 1051 1510 1078 rclt
1530 1058 1561 1087 311
1584 1049 1684 1085 missen.
1705 1048 1829 1086 miemobl
1849 1049 1908 1078 mir.
1933 1048 1971 1083 V,
1995 1049 2065 1078 480.

1238 1091 1375 1126 {Rambem
1395 1092 1428 1121 (ξ’.
1449 1090 1496 1120 QB.
1516 1093 1580 1127 fimf
1597 1092 1726 1127 (Sjefessen.
1750 1090 1803 1128 IV,
1827 1092 1897 1121 655.

1197 1132 1457 1169 Goldsteinio,
1481 1133 1672 1162 Chiliano:

1165 1193 1172 1586 ι
1238 1175 1312 1204 Cum
1335 1177 1382 1213 agi
1406 1177 1534 1205 viderem
1557 1178 1603 1207 de.
1626 1176 1650 1211 I,
1675 1177 1745 1205 881.

1236 1218 1497 1254 Deliberationem,
1521 1229 1608 1257 quam
1631 1219 1692 1247 tibi.
1715 1219 1753 1253 V,
1774 1218 1845 1248 725.

1236 1260 1311 1289 Eam
1330 1262 1500 1297 orationem,
1524 1272 1620 1299 quam.
1645 1262 1683 1296 V,
1704 1262 1774 1290 358.

1236 1303 1275 1331 Et
1297 1304 1444 1341 ingenium
1467 1309 1495 1332 et
1517 1305 1663 1333 fortunam
1681 1304 1779 1332 Pacei.
1802 1302 1843 1339 H,
1864 1303 1935 1333 450.

1236 1346 1275 1373 Et
1297 1346 1349 1374 tibi
1368 1352 1396 1375 et
1418 1347 1575 1376 Ecclesiae.
1597 1347 1635 1382 V,
1659 1347 1730 1376 530.

1236 1389 1301 1417 Etsi
1323 1390 1448 1426 gratiam
1472 1390 1565 1419 habeo
1588 1390 1651 1425 tibi,
1675 1390 1753 1426 quod
1776 1394 1812 1419 et.
1838 1388 1892 1425 VI,
1915 1389 1986 1418 436.

1238 1432 1302 1460 Etsi
1325 1433 1416 1460 multa
1438 1434 1564 1461 memini.
1587 1433 1640 1468 VI,
1663 1434 1732 1462 178.

1237 1475 1302 1503 Etsi
1325 1476 1533 1513 occupationes
1555 1485 1647 1504 meae.
1671 1475 1741 1510 ΥΠ,
1765 1476 1834 1505 159.

1238 1517 1363 1546 Gaudeo
1386 1518 1525 1547 liberasse
1548 1519 1644 1547 fidem.
1667 1519 1691 1554 Ι,
1716 1518 1794 1553 568,

1239 1559 1372 1589 Gratiam
1393 1561 1444 1590 tibi
1466 1562 1561 1589 habeo
1584 1562 1662 1599 quod
1684 1561 1830 1589 amantiss.
1853 1559 1907 1596 IV,
1931 1560 2000 1589 114.

1239 1602 1371 1632 Gratiam
1393 1604 1444 1632 tibi
1466 1604 1560 1633 habeo
1584 1605 1663 1641 quod
1684 1605 1741 1632 mei
1763 1603 1893 1641 periculi.
1917 1602 1970 1637 IV,
1993 1601 2064 1632 652.

1239 1645 1381 1676 Gratulor
1400 1647 1453 1675 tibi
1470 1648 1561 1675 filium
1584 1651 1692 1676 natum.
1715 1647 1740 1681 Ι,
1765 1646 1836 1675 902.

1237 1689 1361 1718 Inchoat
1382 1691 1452 1719 anni
1472 1690 1601 1719 exordia.
1626 1689 1664 1724 V,
1687 1690 1760 1719 914.

1238 1733 1360 1761 Memini
1384 1733 1454 1761 olim
1475 1741 1529 1760 nos
1552 1742 1615 1760 una.
1639 1732 1693 1765 VI,
1718 1732 1790 1760 209.

1238 1776 1332 1804 Multa
1353 1780 1420 1804 sunt
1442 1776 1548 1812 ubique
1568 1775 1678 1803 funera.
1702 1773 1772 1809 VII,
1795 1774 1844 1803 69.

1238 1817 1320 1846 Nota
1342 1823 1384 1847 est
1405 1819 1458 1846 tibi
1479 1822 1562 1846 vetus
1585 1822 1622 1847 et.
1648 1817 1733 1852 VIII,
1757 1817 1828 1846 472.

1239 1860 1412 1899 Quanquam
1431 1862 1474 1889 sic
1496 1862 1566 1889 satis
1589 1865 1759 1898 occupatus.
1784 1858 1824 1894 Π,
1849 1859 1898 1888 69.

1238 1903 1332 1941 Saepe
1355 1914 1419 1932 cum
1442 1904 1553 1941 aspicio
1572 1904 1730 1941 orphanos.
1753 1901 1824 1937 VII,
1847 1901 1897 1931 90.

1194 1945 1374 1982 Gorlitio,
1398 1947 1575 1975 Martino:

1237 1989 1385 2025 Quantum
1408 1991 1510 2018 attinet
1531 1990 1568 2018 ad
1592 1989 1756 2018 factionem.
1778 1987 1818 2023 H,
1843 1987 1892 2018 25.

1194 2031 1405 2061 Grabnero:

1240 2076 1300 2105 OEm·
1327 2076 1445 2105 &neten
1466 2076 1538 2112 senbe
1553 2076 1589 2110 id)
1610 2075 1651 2104 ein
1675 2074 1817 2110 ffifidylein.
1840 2072 1896 2109 IX,
1923 2071 2013 2101 1038.

1197 2117 1387 2147 Graesero
1412 2117 1616 2154 (Οτι-00010),
1639 2116 1804 2145 Danieli:

1239 2160 1313 2189 Cum
1334 2163 1411 2190 inter
1431 2170 1485 2189 nos
1508 2161 1553 2189 sit.
1576 2160 1629 2195 VI,
1654 2160 1725 2189 629.

1238 2204 1281 2233 Ut
1302 2204 1374 2243 Cyri
1395 2205 1489 2233 edicto
1512 2203 1663 2241 templum.
1685 2201 1753 2235 VII,
1780 2201 1870 2229 1117.

1196 2247 1423 2283 Granvelae,
1446 2247 1602 2275 Nicolao
1623 2246 1825 2274 Perenoto:

1239 2291 1358 2319 Utinam
1375 2291 1494 2327 ingenio
1517 2294 1545 2317 et
1566 2289 1746 2318 auctoritate.
1768 2286 1825 2322 ΠΙ,
1850 2285 1940 2314 1243.

1196 2333 1422 2362 Grimmensi
1447 2332 1614 2362 Senatui:

1166 2384 1171 2403 ι
1239 2376 1297 2407 §Det
1321 2377 1427 2413 mutbig
1446 2377 1517 2411 ᾥεῑι·
1539 2375 1648 2413 ΣΒαῇοτ.
1669 2373 1708 2409 V,
1731 2373 1802 2402 796.

1196 2418 1385 2457 Grynaeo,
1408 2418 1566 2448 Simoni:

1239 2462 1379 2491 Gratulor
1401 2463 1514 2500 patriae
1536 2465 1663 2489 nostrae.
1686 2458 1726 2494 Π,
1750 2458 1820 2488 848.

1195 2504 1405 2541 Giinther-o,
1429 2503 1564 2534 Comiti
1586 2499 1957 2538 Schwarzburgensi:

1241 2549 1358 2577 Eminet
1379 2549 1409 2576 in
1434 2547 1557 2584 magnis.
1581 2546 1618 2581 Υ,
1643 2546 1713 2575 529.

2109 98 2173 131 280

1240 920 1273 949 (Ξ.
1291 918 1339 948 ae.
1364 922 1408 950 1116
1434 922 1475 950 bie
1495 920 1692 957 Qetnmmigen
1716 921 1820 950 tannen
1845 919 1917 957 mobt
1936 919 2093 958 ulmebmen.
2117 919 2172 956 IV,
