2299 2921
143 137 205 169 143
784 134 968 166 PiilLlPPl
994 135 1313 168 MELANTHONIS
1338 134 1496 166 OPERA.
2091 136 2154 167 144

141 232 205 261 Ian.
260 232 308 260 30.
334 233 490 266 Peucerus,
511 231 706 259 Melanthonis
728 239 827 267 gener,
850 231 1032 258 renuntiatur
1050 232 1079 258 in
1105 231 1197 259 Acad.
1223 231 1281 258 Vit.
1306 231 1408 258 doctor
1429 232 1500 258 artis
1523 231 1660 265 medicae,
1693 233 1729 260 ad
1748 241 1832 269 quam
1855 232 2067 269 promotionem
2090 233 2154 260 Mo„

365 275 486 303 lanthon
510 274 625 311 scripsit
649 273 853 301 orationem
876 273 918 300 de
943 272 1129 310 Gregorio
1152 274 1328 301 Pontano.

141 317 225 346 Febr.
279 319 307 346 3.
332 318 398 345 Mel.
423 321 637 349 commemorat,
662 315 730 352 quid
752 315 787 342 sit
806 313 832 342 L
841 315 915 343 atin
923 325 976 343 um
997 315 1092 344 Hech
1100 316 1135 344 in
1143 325 1210 353 gen
1219 325 1232 344 s
1240 326 1262 343 e.

275 362 302 389 4.
328 360 498 396 Respondet
521 360 557 386 ad
580 359 691 386 litteras
715 367 751 385 ex
771 357 923 385 Pannonia
946 363 973 385 et
996 359 1116 387 Austria
1136 364 1270 396 acceptas
1293 359 1342 393 (cf.
1369 358 1396 386 2.
1418 358 1527 395 Febr),
1551 360 1580 387 in
1605 360 1708 396 quibus
1737 360 1772 388 ab
1797 369 1831 388 eo
1854 361 1975 397 petitum
1997 359 2100 395 fuerat,
2119 364 2152 388 ut

365 411 447 429 suam
470 402 506 429 de
528 410 612 428 saera
635 410 725 429 coena
748 401 919 428 sententiam
939 401 1137 438 perscriberet.

329 446 481 482 Augustus
501 444 547 471 Pr.
568 443 686 471 Elector
709 448 807 471 monet
831 448 982 480 utramque
1001 444 1206 477 Academiam,
1242 444 1336 471 Viteb.
1362 450 1387 471 et
1411 443 1502 481 Lips.‚
1536 454 1572 472 ne
1593 445 1701 482 scripta
1722 446 1856 480 edantur,
1891 455 1964 482 quae
1992 446 2151 474 certamina

364 487 567 524 theologorum
588 491 722 523 augeant.
769 485 827 521 (Cf.
853 495 896 523 ep.
919 487 945 514 d.
969 487 996 514 8.
1020 486 1121 524 Febr.)

258 531 304 559 16.
330 529 398 558 Mel.
422 529 570 567 praefatur
592 529 623 556 in
647 538 730 557 suum
749 526 864 566 Corpus
888 529 1036 557 doctrinae
1059 529 1188 557 latinum.

256 573 303 601 28.
330 572 471 601 Hortatur
494 571 757 609 Hardenfflrgium,
777 581 823 603 ne,
848 572 924 608 quod
947 572 1108 600 adversarii
1131 572 1192 600 eius
1215 571 1360 605 volebant,
1384 572 1498 608 publica
1519 573 1555 600 de
1574 581 1664 600 coena
1682 582 1704 601 s.
1729 574 1895 602 instituatur
1918 573 2085 609 disputatio.

140 617 225 644 Mart.
278 617 305 644 5.
330 615 431 652 Legati
456 613 754 652 wurtembergenses‚
791 614 918 642 Palatini
942 619 969 642 et
993 614 1128 643 Hassiaci
1153 615 1285 651 flagitant
1308 614 1343 642 ab
1366 614 1514 651 Augusto,
1549 615 1597 643 Pr.
1623 615 1772 650 Electore,
1796 621 1827 644 ut
1849 615 1979 654 synodus
2001 614 2152 653 theologo·

363 668 426 686 rum
451 662 633 686 convocetur.

330 701 496 729 Melanthon
520 700 653 728 hortatur
672 698 859 737 Chytraeum,
881 709 917 727 ne
940 700 975 727 de
999 709 1090 727 coena
1113 709 1197 728 sacra
1214 700 1348 736 disputet.

261 746 306 772 14.
330 743 451 771 Davidis
475 743 589 780 Voigt
611 743 768 780 disputatio
792 742 908 780 publica
930 743 960 770 in
985 743 1076 770 Aead.
1101 742 1207 777 Viteb.‚
1227 751 1279 779 pro
1297 742 1388 779 gradu
1417 743 1543 770 doctoris
1566 743 1756 780 Theologiae.

257 787 305 816 ⁶25.
330 786 398 814 Mel.
421 786 525 814 indicit
542 785 751 823 praelectiones
774 786 803 812 in
823 785 902 813 locos
925 794 994 813 suos
1017 785 1105 813 theol.
1129 786 1160 813 in
1179 785 1278 813 schola
1306 785 1461 817 habendas.

331 830 400 857 Edit
423 829 579 857 secundam
600 833 712 865 partem
736 825 873 856 Chronici
897 825 1042 862 Carionis,
1067 828 1191 856 dicatam
1215 826 1403 864 Sigismundo
1427 828 1576 865 Episcopo
1602 828 1791 865 Magdeburg.

331 871 453 909 Scripsit
477 872 532 899 hoc
555 880 667 899 mense:
688 871 723 898 de
744 880 845 899 norma
866 871 965 898 iudicii
987 871 1017 898 in
1040 871 1191 904 Ecclesia;
1219 871 1253 898 de
1277 870 1446 898 definitione
1464 871 1538 906 legis
1560 870 1686 898 moralis.

279 916 307 943 Ο.
330 914 465 943 Exeuute
488 923 587 942 mense
609 913 739 951 Lipsiam
763 914 954 951 proficiscitur
976 914 1013 941 ad
1036 914 1244 950 explorandam
1266 913 1427 941 doctrinam
1450 912 1697 947 scholasticorum,
1725 914 1774 950 qui
1795 913 1947 950 stipendiis
1970 912 2097 940 aluntur.

279 959 308 986 4.
331 958 456 985 Domum
476 957 676 994 proficiscitur.
1115 956 1119 959 ’

278 1002 306 1030 5.
330 1001 455 1028 Advenit
481 1000 668 1037 Vitebergam
689 1004 811 1026 vexatus
839 1009 858 1026 a
881 999 988 1036 frigore
1011 999 1098 1026 aeris.

281 1045 308 1072 7.
329 1042 474 1081 Scriptum
498 1043 534 1071 de
557 1043 721 1079 praesentia
744 1042 873 1079 corporis
896 1041 1004 1070 Christi
1027 1042 1057 1069 in
1077 1051 1170 1069 coena
1193 1052 1214 1070 s.

279 1087 307 1115 8.
331 1085 468 1114 Calculus
491 1087 517 1113 ei
535 1085 605 1113 facit
627 1085 742 1114 dolores
764 1085 961 1113 saevissimos.
1007 1083 1169 1121 Corripitur
1190 1095 1207 1112 a
1230 1084 1304 1112 febri
1327 1084 1460 1111 tertiana.

280 1130 307 1158 9.
332 1130 488 1163 Peucerus,
511 1129 654 1156 sollicitus
677 1128 778 1156 morbo
802 1127 1006 1161 Melanthonis7
1030 1128 1153 1155 accersit
1178 1127 1357 1155 Ioachimum
1380 1123 1588 1153 Camerarium.

262 1173 309 1200 10.
334 1173 400 1201 Mel.
422 1172 517 1210 pergit
538 1172 567 1199 in
591 1169 738 1199 Chronico
761 1168 896 1198 Carionis
918 1170 1054 1198 dictando
1084 1178 1176 1207 usque
1200 1171 1236 1197 ad
1259 1169 1397 1198 Carolum
1422 1168 1569 1206 Magnum.

262 1216 310 1246 11.
333 1215 434 1243 Febris
456 1215 586 1243 recurrit.

262 1259 310 1287 13.
335 1257 441 1287 Scribit
461 1257 606 1295 pagellam
632 1256 745 1294 publice
768 1255 943 1293 affigendam
968 1260 995 1282 et
1018 1255 1107 1282 utitur
1131 1264 1221 1283 coena
1244 1264 1327 1282 sacra
1350 1254 1463 1291 publice
1486 1254 1514 1281 in
1533 1253 1649 1289 templo.

335 1302 446 1329 Versus
469 1309 620 1338 vesperam
644 1300 717 1328 redit
740 1299 836 1326 febris.

334 1341 519 1372 Camerarius
541 1343 668 1371 advenit.

263 1388 309 1415 14.
333 1385 425 1415 Sentit
446 1385 626 1420 Melanthon‚
650 1394 680 1413 se
699 1384 778 1412 brevi
801 1384 971 1411 moriturum
995 1392 1065 1411 esse.

264 1431 309 1458 15.
332 1429 436 1458 Febris
458 1430 562 1457 iterum
586 1428 717 1456 recurrit.

264 1474 310 1501 16.
335 1472 504 1500 Melanthou
528 1472 657 1500 ultimam
676 1470 776 1499 scribit
796 1469 959 1508 epistolam.

335 1515 519 1545 Camerarius
540 1513 671 1552 Lipsiam
691 1513 882 1551 proficiscitur
903 1513 1085 1550 promittens,
1109 1520 1139 1539 se
1160 1521 1230 1540 mox
1252 1512 1410 1539 rediturum
1432 1519 1504 1539 esse.

264 1559 312 1588 18.
335 1559 505 1587 Melanthon
523 1558 625 1595 incipit
647 1560 850 1585 testamentum
870 1564 953 1584 suum
972 1555 1116 1590 scribere,
1139 1555 1190 1582 sed
1212 1554 1284 1582 illud
1307 1555 1343 1582 ad
1367 1555 1454 1581 finem
1477 1562 1535 1581 non
1558 1553 1699 1589 perducit.

264 1603 311 1631 19.
333 1601 457 1639 Vesperi
476 1602 635 1638 quadrante
657 1601 748 1628 horae
771 1603 838 1626 ante
857 1598 1010 1636 septimam
1035 1598 1164 1626 moritur.

265 1644 313 1672 20.
337 1645 443 1672 Mortui
464 1645 553 1673 facies
574 1644 611 1671 ab
630 1644 740 1671 artifice
758 1641 935 1680 depingitur,
958 1646 985 1668 et
1008 1649 1114 1679 corpus
1138 1640 1374 1678 conspiciendum
1398 1639 1555 1676 exponitur
1576 1638 1719 1671 munibat,
1743 1637 1792 1674 qui
1816 1641 1961 1664 mortuum
1985 1636 2082 1664 videre
2104 1644 2157 1663 ox-

372 1687 518 1725 petebant.

264 1730 314 1759 21.
338 1729 452 1767 Corpus
475 1730 671 1759 Melalithonis
693 1728 840 1767 sepelitur.
