<?xml version="1.0" encoding="UTF-8"?>
<!DOCTYPE html PUBLIC "-//W3C//DTD XHTML 1.0 Transitional//EN"
    "http://www.w3.org/TR/xhtml1/DTD/xhtml1-transitional.dtd">
<html xmlns="http://www.w3.org/1999/xhtml" xml:lang="en" lang="en">
 <head>
  <title>
</title>
<meta http-equiv="Content-Type" content="text/html;charset=utf-8" />
  <meta name='ocr-system' content='tesseract 3.04.00' />
  <meta name='ocr-capabilities' content='ocr_page ocr_carea ocr_par ocr_line ocrx_word'/>
</head>
<body>
  <div class='ocr_page' id='page_1' title='image "./operaquaesupersu28melauoft_0379.png"; bbox 0 0 2299 2921; ppageno 0'>
   <div class='ocr_carea' id='block_1_1' title="bbox 179 90 241 123">
    <p class='ocr_par' dir='ltr' id='par_1_1' title="bbox 179 90 241 123">
     <span class='ocr_line' id='line_1_1' title="bbox 179 90 241 123; baseline 0.032 -2"><span class='ocrx_word' id='word_1_1' title='bbox 179 90 241 123; x_wconf 85' lang='lat'>137</span> 
     </span>
    </p>
   </div>
   <div class='ocr_carea' id='block_1_2' title="bbox 958 88 2184 124">
    <p class='ocr_par' dir='ltr' id='par_1_2' title="bbox 958 88 2184 124">
     <span class='ocr_line' id='line_1_2' title="bbox 958 88 2184 124; baseline 0.004 -6"><span class='ocrx_word' id='word_1_2' title='bbox 958 88 981 118; x_wconf 89' lang='lat'>1.</span> <span class='ocrx_word' id='word_1_3' title='bbox 1026 88 1234 122; x_wconf 86' lang='lat' dir='ltr'><strong>ANNALES</strong></span> <span class='ocrx_word' id='word_1_4' title='bbox 1265 88 1410 121; x_wconf 81' lang='lat' dir='ltr'>viTAE.</span> <span class='ocrx_word' id='word_1_5' title='bbox 2122 91 2184 124; x_wconf 82' lang='lat'>138</span> 
     </span>
    </p>
   </div>
   <div class='ocr_carea' id='block_1_3' title="bbox 181 182 1658 222">
    <p class='ocr_par' dir='ltr' id='par_1_3' title="bbox 181 182 1658 222">
     <span class='ocr_line' id='line_1_3' title="bbox 181 182 1658 222; baseline -0.001 -9"><span class='ocrx_word' id='word_1_6' title='bbox 181 186 265 213; x_wconf 77' lang='lat' dir='ltr'>Mart.</span> <span class='ocrx_word' id='word_1_7' title='bbox 299 185 348 214; x_wconf 76' lang='lat'>24.</span> <span class='ocrx_word' id='word_1_8' title='bbox 372 185 438 213; x_wconf 85' lang='lat' dir='ltr'>Mel.</span> <span class='ocrx_word' id='word_1_9' title='bbox 463 184 549 212; x_wconf 86' lang='lat' dir='ltr'>mittit</span> <span class='ocrx_word' id='word_1_10' title='bbox 570 184 670 211; x_wconf 82' lang='lat' dir='ltr'>amicis</span> <span class='ocrx_word' id='word_1_11' title='bbox 693 183 799 210; x_wconf 88' lang='lat' dir='ltr'>librum</span> <span class='ocrx_word' id='word_1_12' title='bbox 823 191 906 211; x_wconf 88' lang='lat' dir='ltr'>suum</span> <span class='ocrx_word' id='word_1_13' title='bbox 930 188 1030 211; x_wconf 85' lang='lat' dir='ltr'>contra</span> <span class='ocrx_word' id='word_1_14' title='bbox 1048 182 1220 222; x_wconf 84' lang='lat' dir='ltr'>Staphylum</span> <span class='ocrx_word' id='word_1_15' title='bbox 1244 189 1272 213; x_wconf 86' lang='lat' dir='ltr'>et</span> <span class='ocrx_word' id='word_1_16' title='bbox 1292 193 1407 212; x_wconf 80' lang='lat' dir='ltr'>carmen</span> <span class='ocrx_word' id='word_1_17' title='bbox 1429 184 1498 222; x_wconf 80' lang='grc' dir='ltr'><em>περὶ</em></span> <span class='ocrx_word' id='word_1_18' title='bbox 1519 187 1658 222; x_wconf 78' lang='grc' dir='ltr'><strong><em>χαρίτων.</em></strong></span> 
     </span>
    </p>
   </div>
   <div class='ocr_carea' id='block_1_4' title="bbox 297 228 344 256">
    <p class='ocr_par' dir='ltr' id='par_1_4' title="bbox 297 228 344 256">
     <span class='ocr_line' id='line_1_4' title="bbox 297 228 344 256; baseline 0 0"><span class='ocrx_word' id='word_1_19' title='bbox 297 228 344 256; x_wconf 83' lang='lat'>27.</span> 
     </span>
    </p>
   </div>
   <div class='ocr_carea' id='block_1_5' title="bbox 244 272 345 304">
    <p class='ocr_par' dir='ltr' id='par_1_5' title="bbox 244 272 345 304">
     <span class='ocr_line' id='line_1_5' title="bbox 244 272 345 304; baseline -0.01 -4"><span class='ocrx_word' id='word_1_20' title='bbox 244 294 251 304; x_wconf 96' lang='grc'><em>,</em></span> <span class='ocrx_word' id='word_1_21' title='bbox 297 272 345 300; x_wconf 87' lang='lat'>31.</span> 
     </span>
    </p>
   </div>
   <div class='ocr_carea' id='block_1_6' title="bbox 181 314 275 352">
    <p class='ocr_par' dir='ltr' id='par_1_6' title="bbox 181 314 275 352">
     <span class='ocr_line' id='line_1_6' title="bbox 181 314 275 352; baseline 0 -9"><span class='ocrx_word' id='word_1_22' title='bbox 181 314 275 352; x_wconf 77' lang='lat' dir='ltr'>April.</span> 
     </span>
    </p>
   </div>
   <div class='ocr_carea' id='block_1_7' title="bbox 184 698 255 727">
    <p class='ocr_par' dir='ltr' id='par_1_7' title="bbox 184 698 255 727">
     <span class='ocr_line' id='line_1_7' title="bbox 184 698 255 727; baseline 0.014 -1"><span class='ocrx_word' id='word_1_23' title='bbox 184 698 255 727; x_wconf 79' lang='lat' dir='ltr'>Mai.</span> 
     </span>
    </p>
   </div>
   <div class='ocr_carea' id='block_1_8' title="bbox 182 1079 245 1107">
    <p class='ocr_par' dir='ltr' id='par_1_8' title="bbox 182 1079 245 1107">
     <span class='ocr_line' id='line_1_8' title="bbox 182 1079 245 1107; baseline 0 0"><span class='ocrx_word' id='word_1_24' title='bbox 182 1079 245 1107; x_wconf 88' lang='lat' dir='ltr'>Iun.</span> 
     </span>
    </p>
   </div>
   <div class='ocr_carea' id='block_1_9' title="bbox 180 1250 257 1331">
    <p class='ocr_par' dir='ltr' id='par_1_9' title="bbox 180 1250 257 1331">
     <span class='ocr_line' id='line_1_9' title="bbox 180 1250 232 1278; baseline -0.019 0"><span class='ocrx_word' id='word_1_25' title='bbox 180 1250 232 1278; x_wconf 90' lang='lat' dir='ltr'>Iul.</span> 
     </span>
     <span class='ocr_line' id='line_1_10' title="bbox 180 1294 257 1331; baseline 0 -10"><span class='ocrx_word' id='word_1_26' title='bbox 180 1294 257 1331; x_wconf 88' lang='lat' dir='ltr'>Aug.</span> 
     </span>
    </p>
   </div>
   <div class='ocr_carea' id='block_1_10' title="bbox 180 1633 259 1672">
    <p class='ocr_par' dir='ltr' id='par_1_10' title="bbox 180 1633 259 1672">
     <span class='ocr_line' id='line_1_11' title="bbox 180 1633 259 1672; baseline -0.013 -8"><span class='ocrx_word' id='word_1_27' title='bbox 180 1633 259 1672; x_wconf 82' lang='lat' dir='ltr'><strong>Sept.</strong></span> 
     </span>
    </p>
   </div>
   <div class='ocr_carea' id='block_1_11' title="bbox 181 1932 245 1961">
    <p class='ocr_par' dir='ltr' id='par_1_11' title="bbox 181 1932 245 1961">
     <span class='ocr_line' id='line_1_12' title="bbox 181 1932 245 1961; baseline 0 -1"><span class='ocrx_word' id='word_1_28' title='bbox 181 1932 245 1961; x_wconf 88' lang='lat' dir='ltr'>Oct.</span> 
     </span>
    </p>
   </div>
   <div class='ocr_carea' id='block_1_12' title="bbox 181 2145 257 2175">
    <p class='ocr_par' dir='ltr' id='par_1_12' title="bbox 181 2145 257 2175">
     <span class='ocr_line' id='line_1_13' title="bbox 181 2145 257 2175; baseline 0 -2"><span class='ocrx_word' id='word_1_29' title='bbox 181 2145 257 2175; x_wconf 80' lang='lat' dir='ltr'>Nov.</span> 
     </span>
    </p>
   </div>
   <div class='ocr_carea' id='block_1_13' title="bbox 318 316 346 428">
    <p class='ocr_par' dir='ltr' id='par_1_13' title="bbox 318 316 346 428">
     <span class='ocr_line' id='line_1_14' title="bbox 320 316 344 342; baseline 0.042 -1"><span class='ocrx_word' id='word_1_30' title='bbox 320 316 344 342; x_wconf 93' lang='lat'>1.</span> 
     </span>
     <span class='ocr_line' id='line_1_15' title="bbox 320 356 346 384; baseline 0 0"><span class='ocrx_word' id='word_1_31' title='bbox 320 356 346 384; x_wconf 81' lang='lat'>2.</span> 
     </span>
     <span class='ocr_line' id='line_1_16' title="bbox 318 399 346 428; baseline 0.071 -2"><span class='ocrx_word' id='word_1_32' title='bbox 318 399 346 428; x_wconf 87' lang='lat'>4.</span> 
     </span>
    </p>
   </div>
   <div class='ocr_carea' id='block_1_14' title="bbox 302 442 347 469">
    <p class='ocr_par' dir='ltr' id='par_1_14' title="bbox 302 442 347 469">
     <span class='ocr_line' id='line_1_17' title="bbox 302 442 347 469; baseline 0 0"><span class='ocrx_word' id='word_1_33' title='bbox 302 442 347 469; x_wconf 85' lang='lat'>14.</span> 
     </span>
    </p>
   </div>
   <div class='ocr_carea' id='block_1_15' title="bbox 303 570 351 597">
    <p class='ocr_par' dir='ltr' id='par_1_15' title="bbox 303 570 351 597">
     <span class='ocr_line' id='line_1_18' title="bbox 303 570 351 597; baseline 0 0"><span class='ocrx_word' id='word_1_34' title='bbox 303 570 351 597; x_wconf 78' lang='lat'>20.</span> 
     </span>
    </p>
   </div>
   <div class='ocr_carea' id='block_1_16' title="bbox 300 868 344 895">
    <p class='ocr_par' dir='ltr' id='par_1_16' title="bbox 300 868 344 895">
     <span class='ocr_line' id='line_1_19' title="bbox 300 868 344 895; baseline -0.023 0"><span class='ocrx_word' id='word_1_35' title='bbox 300 868 344 895; x_wconf 87' lang='lat'>14.</span> 
     </span>
    </p>
   </div>
   <div class='ocr_carea' id='block_1_17' title="bbox 298 910 346 937">
    <p class='ocr_par' dir='ltr' id='par_1_17' title="bbox 298 910 346 937">
     <span class='ocr_line' id='line_1_20' title="bbox 298 910 346 937; baseline 0 0"><span class='ocrx_word' id='word_1_36' title='bbox 298 910 346 937; x_wconf 65' lang='lat'>⁶29.</span> 
     </span>
    </p>
   </div>
   <div class='ocr_carea' id='block_1_18' title="bbox 301 1081 349 1150">
    <p class='ocr_par' dir='ltr' id='par_1_18' title="bbox 301 1081 349 1150">
     <span class='ocr_line' id='line_1_21' title="bbox 302 1081 349 1108; baseline -0.021 0"><span class='ocrx_word' id='word_1_37' title='bbox 302 1081 349 1108; x_wconf 86' lang='lat'>13.</span> 
     </span>
     <span class='ocr_line' id='line_1_22' title="bbox 301 1123 346 1150; baseline 0 0"><span class='ocrx_word' id='word_1_38' title='bbox 301 1123 346 1150; x_wconf 85' lang='lat'>16.</span> 
     </span>
    </p>
   </div>
   <div class='ocr_carea' id='block_1_19' title="bbox 296 1166 344 1193">
    <p class='ocr_par' dir='ltr' id='par_1_19' title="bbox 296 1166 344 1193">
     <span class='ocr_line' id='line_1_23' title="bbox 296 1166 344 1193; baseline 0.021 -1"><span class='ocrx_word' id='word_1_39' title='bbox 296 1166 344 1193; x_wconf 81' lang='lat'>27.</span> 
     </span>
    </p>
   </div>
   <div class='ocr_carea' id='block_1_20' title="bbox 296 1250 345 1278">
    <p class='ocr_par' dir='ltr' id='par_1_20' title="bbox 296 1250 345 1278">
     <span class='ocr_line' id='line_1_24' title="bbox 296 1250 345 1278; baseline 0 0"><span class='ocrx_word' id='word_1_40' title='bbox 296 1250 345 1278; x_wconf 81' lang='lat'>23.</span> 
     </span>
    </p>
   </div>
   <div class='ocr_carea' id='block_1_21' title="bbox 339 1289 1420 1330">
    <p class='ocr_par' dir='ltr' id='par_1_21' title="bbox 339 1289 1420 1330">
     <span class='ocr_line' id='line_1_25' title="bbox 339 1289 1420 1330; baseline 0 -9"><span class='ocrx_word' id='word_1_41' title='bbox 339 1314 346 1321; x_wconf 93' lang='lat'>.</span> <span class='ocrx_word' id='word_1_42' title='bbox 370 1294 516 1321; x_wconf 78' lang='lat' dir='ltr'>Peucerus</span> <span class='ocrx_word' id='word_1_43' title='bbox 537 1292 572 1319; x_wconf 82' lang='lat' dir='ltr'>de</span> <span class='ocrx_word' id='word_1_44' title='bbox 595 1291 796 1318; x_wconf 83' lang='lat' dir='ltr'>Melanthone:</span> <span class='ocrx_word' id='word_1_45' title='bbox 823 1289 938 1328; x_wconf 81' lang='lat' dir='ltr'>„Senex</span> <span class='ocrx_word' id='word_1_46' title='bbox 963 1298 1061 1320; x_wconf 85' lang='lat' dir='ltr'>noster</span> <span class='ocrx_word' id='word_1_47' title='bbox 1085 1293 1133 1320; x_wconf 83' lang='lat' dir='ltr'>vix</span> <span class='ocrx_word' id='word_1_48' title='bbox 1156 1294 1289 1330; x_wconf 89' lang='lat' dir='ltr'>spiritum</span> <span class='ocrx_word' id='word_1_49' title='bbox 1312 1294 1420 1322; x_wconf 80' lang='lat' dir='ltr'>ducit.‘⁴</span> 
     </span>
    </p>
   </div>
   <div class='ocr_carea' id='block_1_22' title="bbox 298 1464 344 1577">
    <p class='ocr_par' dir='ltr' id='par_1_22' title="bbox 298 1464 344 1577">
     <span class='ocr_line' id='line_1_26' title="bbox 298 1464 344 1492; baseline -0.022 0"><span class='ocrx_word' id='word_1_50' title='bbox 298 1464 344 1492; x_wconf 73' lang='lat'>12.</span> 
     </span>
     <span class='ocr_line' id='line_1_27' title="bbox 298 1508 344 1534; baseline 0 0"><span class='ocrx_word' id='word_1_51' title='bbox 298 1508 344 1534; x_wconf 88' lang='lat'>13.</span> 
     </span>
     <span class='ocr_line' id='line_1_28' title="bbox 299 1550 344 1577; baseline 0 0"><span class='ocrx_word' id='word_1_52' title='bbox 299 1550 344 1577; x_wconf 83' lang='lat'>15.</span> 
     </span>
    </p>
   </div>
   <div class='ocr_carea' id='block_1_23' title="bbox 296 1592 343 1620">
    <p class='ocr_par' dir='ltr' id='par_1_23' title="bbox 296 1592 343 1620">
     <span class='ocr_line' id='line_1_29' title="bbox 296 1592 343 1620; baseline -0.021 0"><span class='ocrx_word' id='word_1_53' title='bbox 296 1592 343 1620; x_wconf 80' lang='lat'>24.</span> 
     </span>
    </p>
   </div>
   <div class='ocr_carea' id='block_1_24' title="bbox 297 1722 344 1748">
    <p class='ocr_par' dir='ltr' id='par_1_24' title="bbox 297 1722 344 1748">
     <span class='ocr_line' id='line_1_30' title="bbox 297 1722 344 1748; baseline -0.021 0"><span class='ocrx_word' id='word_1_54' title='bbox 297 1722 344 1748; x_wconf 90' lang='lat'>11.</span> 
     </span>
    </p>
   </div>
   <div class='ocr_carea' id='block_1_25' title="bbox 298 1765 346 1833">
    <p class='ocr_par' dir='ltr' id='par_1_25' title="bbox 298 1765 346 1833">
     <span class='ocr_line' id='line_1_31' title="bbox 300 1765 346 1792; baseline 0.022 -1"><span class='ocrx_word' id='word_1_55' title='bbox 300 1765 346 1792; x_wconf 85' lang='lat'>17.</span> 
     </span>
     <span class='ocr_line' id='line_1_32' title="bbox 298 1805 345 1833; baseline 0 0"><span class='ocrx_word' id='word_1_56' title='bbox 298 1805 345 1833; x_wconf 84' lang='lat'>20.</span> 
     </span>
    </p>
   </div>
   <div class='ocr_carea' id='block_1_26' title="bbox 367 225 2186 689">
    <p class='ocr_par' dir='ltr' id='par_1_26' title="bbox 369 225 1206 266">
     <span class='ocr_line' id='line_1_33' title="bbox 369 225 1206 266; baseline 0.001 -11"><span class='ocrx_word' id='word_1_57' title='bbox 369 227 437 255; x_wconf 87' lang='lat' dir='ltr'>Mel.</span> <span class='ocrx_word' id='word_1_58' title='bbox 462 231 505 254; x_wconf 88' lang='lat' dir='ltr'>est</span> <span class='ocrx_word' id='word_1_59' title='bbox 526 226 601 263; x_wconf 87' lang='lat' dir='ltr'>apud</span> <span class='ocrx_word' id='word_1_60' title='bbox 624 225 798 263; x_wconf 85' lang='lat' dir='ltr'>praesectum</span> <span class='ocrx_word' id='word_1_61' title='bbox 821 225 994 254; x_wconf 82' lang='lat' dir='ltr'>Belcensem</span> <span class='ocrx_word' id='word_1_62' title='bbox 1017 227 1063 266; x_wconf 60' lang='lat' dir='ltr'>(gu</span> <span class='ocrx_word' id='word_1_63' title='bbox 1087 227 1206 266; x_wconf 58' lang='lat' dir='ltr'>ffielgig).</span> 
     </span>
    </p>

    <p class='ocr_par' dir='ltr' id='par_1_27' title="bbox 368 268 1442 308">
     <span class='ocr_line' id='line_1_34' title="bbox 368 268 1442 308; baseline -0.002 -10"><span class='ocrx_word' id='word_1_64' title='bbox 368 269 486 307; x_wconf 81' lang='lat' dir='ltr'>Lipsiae</span> <span class='ocrx_word' id='word_1_65' title='bbox 508 273 551 297; x_wconf 84' lang='lat' dir='ltr'>est</span> <span class='ocrx_word' id='word_1_66' title='bbox 572 269 609 296; x_wconf 84' lang='lat' dir='ltr'>ad</span> <span class='ocrx_word' id='word_1_67' title='bbox 633 268 829 305; x_wconf 83' lang='lat' dir='ltr'>explorandos</span> <span class='ocrx_word' id='word_1_68' title='bbox 852 268 1052 304; x_wconf 71' lang='lat' dir='ltr'>scholasticos⁷</span> <span class='ocrx_word' id='word_1_69' title='bbox 1075 271 1123 306; x_wconf 90' lang='lat' dir='ltr'>qui</span> <span class='ocrx_word' id='word_1_70' title='bbox 1144 270 1296 308; x_wconf 85' lang='lat' dir='ltr'>stipendiis</span> <span class='ocrx_word' id='word_1_71' title='bbox 1318 269 1442 297; x_wconf 84' lang='lat' dir='ltr'>aluntur.</span> 
     </span>
    </p>

    <p class='ocr_par' dir='ltr' id='par_1_28' title="bbox 368 309 1089 340">
     <span class='ocr_line' id='line_1_35' title="bbox 368 309 1089 340; baseline 0 0"><span class='ocrx_word' id='word_1_72' title='bbox 368 312 521 340; x_wconf 78' lang='lat' dir='ltr'>Praefatur</span> <span class='ocrx_word' id='word_1_73' title='bbox 543 311 572 338; x_wconf 88' lang='lat' dir='ltr'>in</span> <span class='ocrx_word' id='word_1_74' title='bbox 597 309 750 339; x_wconf 86' lang='lat' dir='ltr'>Schosseri</span> <span class='ocrx_word' id='word_1_75' title='bbox 773 311 950 338; x_wconf 80' lang='lat' dir='ltr'>Marchiadis</span> <span class='ocrx_word' id='word_1_76' title='bbox 975 311 1089 340; x_wconf 89' lang='lat' dir='ltr'>librum.</span> 
     </span>
    </p>

    <p class='ocr_par' dir='ltr' id='par_1_29' title="bbox 370 353 1723 392">
     <span class='ocr_line' id='line_1_36' title="bbox 370 353 1723 392; baseline -0.001 -9"><span class='ocrx_word' id='word_1_77' title='bbox 370 354 475 383; x_wconf 79' lang='lat' dir='ltr'>Scribit</span> <span class='ocrx_word' id='word_1_78' title='bbox 498 354 534 382; x_wconf 82' lang='lat' dir='ltr'>ad</span> <span class='ocrx_word' id='word_1_79' title='bbox 557 353 698 381; x_wconf 86' lang='lat' dir='ltr'>amicum:</span> <span class='ocrx_word' id='word_1_80' title='bbox 722 362 797 390; x_wconf 65' lang='lat' dir='ltr'>„ego</span> <span class='ocrx_word' id='word_1_81' title='bbox 818 353 966 382; x_wconf 76' lang='lat' dir='ltr'>laboribus</span> <span class='ocrx_word' id='word_1_82' title='bbox 988 354 1029 382; x_wconf 87' lang='lat' dir='ltr'>ita</span> <span class='ocrx_word' id='word_1_83' title='bbox 1051 355 1167 391; x_wconf 87' lang='lat' dir='ltr'>obruor,</span> <span class='ocrx_word' id='word_1_84' title='bbox 1194 360 1223 384; x_wconf 89' lang='lat' dir='ltr'>ut</span> <span class='ocrx_word' id='word_1_85' title='bbox 1246 355 1374 392; x_wconf 84' lang='lat' dir='ltr'>quotidie</span> <span class='ocrx_word' id='word_1_86' title='bbox 1396 359 1516 383; x_wconf 79' lang='lat' dir='ltr'>mortem</span> <span class='ocrx_word' id='word_1_87' title='bbox 1541 358 1723 392; x_wconf 75' lang='lat' dir='ltr'>expectem.“</span> 
     </span>
    </p>

    <p class='ocr_par' dir='ltr' id='par_1_30' title="bbox 367 395 1948 436">
     <span class='ocr_line' id='line_1_37' title="bbox 367 395 1948 436; baseline 0.001 -11"><span class='ocrx_word' id='word_1_88' title='bbox 367 397 456 425; x_wconf 78' lang='lat' dir='ltr'><strong>Mittit</strong></span> <span class='ocrx_word' id='word_1_89' title='bbox 478 396 578 424; x_wconf 81' lang='lat' dir='ltr'>Iacobi</span> <span class='ocrx_word' id='word_1_90' title='bbox 602 395 712 433; x_wconf 86' lang='lat' dir='ltr'>Micylli</span> <span class='ocrx_word' id='word_1_91' title='bbox 736 396 887 433; x_wconf 71' lang='lat' dir='ltr'>epicedion</span> <span class='ocrx_word' id='word_1_92' title='bbox 911 406 929 423; x_wconf 86' lang='lat' dir='ltr'>a</span> <span class='ocrx_word' id='word_1_93' title='bbox 952 396 1041 425; x_wconf 81' lang='lat' dir='ltr'>Petro</span> <span class='ocrx_word' id='word_1_94' title='bbox 1065 397 1210 427; x_wconf 89' lang='lat' dir='ltr'>Lottichio</span> <span class='ocrx_word' id='word_1_95' title='bbox 1233 399 1380 435; x_wconf 87' lang='lat' dir='ltr'>scriptum.</span> <span class='ocrx_word' id='word_1_96' title='bbox 1424 397 1484 434; x_wconf 84' lang='lat' dir='ltr'>(Cf.</span> <span class='ocrx_word' id='word_1_97' title='bbox 1509 407 1552 435; x_wconf 92' lang='lat' dir='ltr'>ep.</span> <span class='ocrx_word' id='word_1_98' title='bbox 1574 398 1610 426; x_wconf 88' lang='lat' dir='ltr'>ad</span> <span class='ocrx_word' id='word_1_99' title='bbox 1633 396 1732 435; x_wconf 84' lang='lat' dir='ltr'>Stigel.</span> <span class='ocrx_word' id='word_1_100' title='bbox 1759 399 1785 427; x_wconf 85' lang='lat' dir='ltr'>d.</span> <span class='ocrx_word' id='word_1_101' title='bbox 1811 398 1837 426; x_wconf 85' lang='lat'>6.</span> <span class='ocrx_word' id='word_1_102' title='bbox 1862 399 1948 436; x_wconf 89' lang='lat' dir='ltr'>Apr.)</span> 
     </span>
    </p>

    <p class='ocr_par' dir='ltr' id='par_1_31' title="bbox 372 437 2186 562">
     <span class='ocr_line' id='line_1_38' title="bbox 372 437 2185 479; baseline 0.001 -11"><span class='ocrx_word' id='word_1_103' title='bbox 372 440 524 477; x_wconf 81' lang='lat' dir='ltr'>Philippus</span> <span class='ocrx_word' id='word_1_104' title='bbox 548 438 617 467; x_wconf 86' lang='lat' dir='ltr'>Dux</span> <span class='ocrx_word' id='word_1_105' title='bbox 641 439 832 466; x_wconf 76' lang='lat' dir='ltr'>l&#39;omeraniae</span> <span class='ocrx_word' id='word_1_106' title='bbox 855 437 1041 468; x_wconf 87' lang='lat' dir='ltr'>Stettinensis</span> <span class='ocrx_word' id='word_1_107' title='bbox 1064 441 1162 469; x_wconf 80' lang='lat' dir='ltr'>scribit</span> <span class='ocrx_word' id='word_1_108' title='bbox 1190 441 1227 468; x_wconf 91' lang='lat' dir='ltr'>ad</span> <span class='ocrx_word' id='word_1_109' title='bbox 1250 441 1466 468; x_wconf 87' lang='lat' dir='ltr'>Melanthonem</span> <span class='ocrx_word' id='word_1_110' title='bbox 1496 441 1532 469; x_wconf 88' lang='lat' dir='ltr'>de</span> <span class='ocrx_word' id='word_1_111' title='bbox 1559 445 1702 469; x_wconf 87' lang='lat' dir='ltr'>conventu</span> <span class='ocrx_word' id='word_1_112' title='bbox 1731 450 1794 469; x_wconf 88' lang='lat' dir='ltr'>cum</span> <span class='ocrx_word' id='word_1_113' title='bbox 1821 440 1969 470; x_wconf 86' lang='lat' dir='ltr'>Flacianis</span> <span class='ocrx_word' id='word_1_114' title='bbox 1996 442 2185 479; x_wconf 83' lang='lat' dir='ltr'>Magdeburgi</span> 
     </span>
     <span class='ocr_line' id='line_1_39' title="bbox 405 481 2186 521; baseline 0.002 -11"><span class='ocrx_word' id='word_1_115' title='bbox 405 483 539 511; x_wconf 82' lang='lat' dir='ltr'>habendo</span> <span class='ocrx_word' id='word_1_116' title='bbox 563 482 614 517; x_wconf 81' lang='lat' dir='ltr'>(cf.</span> <span class='ocrx_word' id='word_1_117' title='bbox 639 481 790 518; x_wconf 55' lang='lat' dir='ltr'>&amp;ulig&#39;ss</span> <span class='ocrx_word' id='word_1_118' title='bbox 814 481 931 516; x_wconf 65' lang='grc' dir='ltr'>ιβίῖῐοτίε</span> <span class='ocrx_word' id='word_1_119' title='bbox 950 487 994 510; x_wconf 78' lang='lat' dir='ltr'>Det</span> <span class='ocrx_word' id='word_1_120' title='bbox 1014 482 1119 519; x_wconf 61' lang='lat' dir='ltr'>‘augea</span> <span class='ocrx_word' id='word_1_121' title='bbox 1140 483 1256 519; x_wconf 65' lang='lat' dir='ltr'>(Sonfesf.</span> <span class='ocrx_word' id='word_1_122' title='bbox 1276 483 1330 511; x_wconf 88' lang='lat'>111.</span> <span class='ocrx_word' id='word_1_123' title='bbox 1350 494 1377 521; x_wconf 91' lang='lat' dir='ltr'>p.</span> <span class='ocrx_word' id='word_1_124' title='bbox 1399 484 1500 520; x_wconf 50' lang='lat'>391),</span> <span class='ocrx_word' id='word_1_125' title='bbox 1532 493 1654 520; x_wconf 78' lang='lat' dir='ltr'>eumque</span> <span class='ocrx_word' id='word_1_126' title='bbox 1683 484 1783 512; x_wconf 88' lang='lat' dir='ltr'>invitat</span> <span class='ocrx_word' id='word_1_127' title='bbox 1807 482 1978 518; x_wconf 78' lang='lat' dir='ltr'>Stettinum,</span> <span class='ocrx_word' id='word_1_128' title='bbox 2005 489 2036 512; x_wconf 85' lang='lat' dir='ltr'>ut</span> <span class='ocrx_word' id='word_1_129' title='bbox 2064 494 2128 513; x_wconf 86' lang='lat' dir='ltr'>cum</span> <span class='ocrx_word' id='word_1_130' title='bbox 2151 494 2186 513; x_wconf 86' lang='lat' dir='ltr'>eo</span> 
     </span>
     <span class='ocr_line' id='line_1_40' title="bbox 405 523 1064 562; baseline 0 -9"><span class='ocrx_word' id='word_1_131' title='bbox 405 525 588 562; x_wconf 84' lang='lat' dir='ltr'>colloquatur</span> <span class='ocrx_word' id='word_1_132' title='bbox 610 525 645 552; x_wconf 88' lang='lat' dir='ltr'>de</span> <span class='ocrx_word' id='word_1_133' title='bbox 667 533 783 551; x_wconf 68' lang='lat' dir='ltr'>recessu</span> <span class='ocrx_word' id='word_1_134' title='bbox 805 523 1064 553; x_wconf 73' lang='lat' dir='ltr'>Francotbrdiano.</span> 
     </span>
    </p>

    <p class='ocr_par' dir='ltr' id='par_1_32' title="bbox 374 566 1392 605">
     <span class='ocr_line' id='line_1_41' title="bbox 374 566 1392 605; baseline 0 -10"><span class='ocrx_word' id='word_1_135' title='bbox 374 568 416 597; x_wconf 91' lang='lat'>10.</span> <span class='ocrx_word' id='word_1_136' title='bbox 440 567 638 605; x_wconf 80' lang='lat' dir='ltr'>Bugenhagen</span> <span class='ocrx_word' id='word_1_137' title='bbox 662 566 842 594; x_wconf 86' lang='lat' dir='ltr'>Pomeranus</span> <span class='ocrx_word' id='word_1_138' title='bbox 866 567 996 602; x_wconf 77' lang='lat' dir='ltr'>moritur,</span> <span class='ocrx_word' id='word_1_139' title='bbox 1020 569 1126 596; x_wconf 78' lang='lat' dir='ltr'>aetatis</span> <span class='ocrx_word' id='word_1_140' title='bbox 1148 578 1218 596; x_wconf 83' lang='lat' dir='ltr'>suae</span> <span class='ocrx_word' id='word_1_141' title='bbox 1241 578 1318 597; x_wconf 88' lang='lat' dir='ltr'>anuo</span> <span class='ocrx_word' id='word_1_142' title='bbox 1343 569 1392 596; x_wconf 80' lang='lat'>73.</span> 
     </span>
    </p>

    <p class='ocr_par' dir='ltr' id='par_1_33' title="bbox 371 608 2056 650">
     <span class='ocr_line' id='line_1_42' title="bbox 371 608 2056 650; baseline 0 -10"><span class='ocrx_word' id='word_1_143' title='bbox 371 611 437 640; x_wconf 84' lang='lat' dir='ltr'>Hoc</span> <span class='ocrx_word' id='word_1_144' title='bbox 459 620 557 639; x_wconf 87' lang='lat' dir='ltr'>mense</span> <span class='ocrx_word' id='word_1_145' title='bbox 578 609 748 643; x_wconf 70' lang='lat' dir='ltr'>Camarina,</span> <span class='ocrx_word' id='word_1_146' title='bbox 771 608 872 637; x_wconf 79' lang='lat' dir='ltr'>Sabini</span> <span class='ocrx_word' id='word_1_147' title='bbox 895 609 965 644; x_wconf 83' lang='lat' dir='ltr'>filia,</span> <span class='ocrx_word' id='word_1_148' title='bbox 989 611 1065 647; x_wconf 81' lang='lat' dir='ltr'>apud</span> <span class='ocrx_word' id='word_1_149' title='bbox 1088 611 1305 639; x_wconf 78' lang='lat' dir='ltr'>Melanthonem</span> <span class='ocrx_word' id='word_1_150' title='bbox 1329 612 1459 645; x_wconf 78' lang='lat' dir='ltr'>educata,</span> <span class='ocrx_word' id='word_1_151' title='bbox 1482 612 1674 648; x_wconf 81' lang='lat' dir='ltr'>desponsatur</span> <span class='ocrx_word' id='word_1_152' title='bbox 1698 612 1833 640; x_wconf 81' lang='lat' dir='ltr'>Michaeli</span> <span class='ocrx_word' id='word_1_153' title='bbox 1858 612 2056 650; x_wconf 79' lang='lat' dir='ltr'>Meienburgo.</span> 
     </span>
    </p>

    <p class='ocr_par' dir='ltr' id='par_1_34' title="bbox 372 650 1293 689">
     <span class='ocr_line' id='line_1_43' title="bbox 372 650 1293 689; baseline 0.001 -8"><span class='ocrx_word' id='word_1_154' title='bbox 372 655 506 682; x_wconf 76' lang='lat' dir='ltr'>Exeunte</span> <span class='ocrx_word' id='word_1_155' title='bbox 529 661 627 680; x_wconf 85' lang='lat' dir='ltr'>mense</span> <span class='ocrx_word' id='word_1_156' title='bbox 650 652 717 680; x_wconf 84' lang='lat' dir='ltr'>Mel.</span> <span class='ocrx_word' id='word_1_157' title='bbox 740 652 888 689; x_wconf 78' lang='lat' dir='ltr'>praefatur</span> <span class='ocrx_word' id='word_1_158' title='bbox 910 652 940 679; x_wconf 89' lang='lat' dir='ltr'>in</span> <span class='ocrx_word' id='word_1_159' title='bbox 962 650 1129 681; x_wconf 80' lang='lat' dir='ltr'>Chronicon</span> <span class='ocrx_word' id='word_1_160' title='bbox 1149 654 1293 682; x_wconf 86' lang='lat' dir='ltr'>Carionis.</span> 
     </span>
    </p>
   </div>
   <div class='ocr_carea' id='block_1_27' title="bbox 343 694 2185 734">
    <p class='ocr_par' dir='ltr' id='par_1_35' title="bbox 343 694 2185 734">
     <span class='ocr_line' id='line_1_44' title="bbox 343 694 2185 734; baseline 0.001 -9"><span class='ocrx_word' id='word_1_161' title='bbox 343 719 350 725; x_wconf 86' lang='lat'>.</span> <span class='ocrx_word' id='word_1_162' title='bbox 373 696 531 725; x_wconf 77' lang='lat' dir='ltr'>Cracovius</span> <span class='ocrx_word' id='word_1_163' title='bbox 553 696 676 723; x_wconf 76' lang='lat' dir='ltr'>mittitur</span> <span class='ocrx_word' id='word_1_164' title='bbox 699 694 733 722; x_wconf 83' lang='lat' dir='ltr'>ab</span> <span class='ocrx_word' id='word_1_165' title='bbox 759 695 891 731; x_wconf 81' lang='lat' dir='ltr'>Augusto</span> <span class='ocrx_word' id='word_1_166' title='bbox 915 695 1006 724; x_wconf 85' lang='lat' dir='ltr'>Elect.</span> <span class='ocrx_word' id='word_1_167' title='bbox 1038 696 1149 733; x_wconf 68' lang='lat' dir='ltr'>legatus</span> <span class='ocrx_word' id='word_1_168' title='bbox 1179 697 1216 724; x_wconf 85' lang='lat' dir='ltr'>ad</span> <span class='ocrx_word' id='word_1_169' title='bbox 1239 696 1438 725; x_wconf 87' lang='lat' dir='ltr'>Marchionem</span> <span class='ocrx_word' id='word_1_170' title='bbox 1462 696 1709 725; x_wconf 73' lang='lat' dir='ltr'>Onolsbacensem</span> <span class='ocrx_word' id='word_1_171' title='bbox 1739 702 1856 734; x_wconf 84' lang='lat' dir='ltr'>propter</span> <span class='ocrx_word' id='word_1_172' title='bbox 1879 703 2051 726; x_wconf 80' lang='lat' dir='ltr'>conventum</span> <span class='ocrx_word' id='word_1_173' title='bbox 2075 698 2185 726; x_wconf 82' lang='lat' dir='ltr'>theolo-</span> 
     </span>
    </p>
   </div>
   <div class='ocr_carea' id='block_1_28' title="bbox 370 737 1608 819">
    <p class='ocr_par' dir='ltr' id='par_1_36' title="bbox 370 737 1608 819">
     <span class='ocr_line' id='line_1_45' title="bbox 405 737 1329 776; baseline 0.002 -11"><span class='ocrx_word' id='word_1_174' title='bbox 405 748 509 775; x_wconf 87' lang='lat' dir='ltr'>gorum</span> <span class='ocrx_word' id='word_1_175' title='bbox 532 738 724 774; x_wconf 81' lang='lat' dir='ltr'>Magdeburgi</span> <span class='ocrx_word' id='word_1_176' title='bbox 749 737 923 772; x_wconf 82' lang='lat' dir='ltr'>habendum,</span> <span class='ocrx_word' id='word_1_177' title='bbox 948 739 997 774; x_wconf 85' lang='lat' dir='ltr'>qui</span> <span class='ocrx_word' id='word_1_178' title='bbox 1021 748 1087 766; x_wconf 76' lang='lat' dir='ltr'>vero</span> <span class='ocrx_word' id='word_1_179' title='bbox 1110 749 1167 767; x_wconf 86' lang='lat' dir='ltr'>non</span> <span class='ocrx_word' id='word_1_180' title='bbox 1191 740 1329 776; x_wconf 72' lang='lat' dir='ltr'>procedit.</span> 
     </span>
     <span class='ocr_line' id='line_1_46' title="bbox 370 780 1608 819; baseline 0.001 -10"><span class='ocrx_word' id='word_1_181' title='bbox 370 781 540 809; x_wconf 85' lang='lat' dir='ltr'>Melanthon</span> <span class='ocrx_word' id='word_1_182' title='bbox 562 781 691 818; x_wconf 84' lang='lat' dir='ltr'>Lipsiam</span> <span class='ocrx_word' id='word_1_183' title='bbox 714 780 905 817; x_wconf 83' lang='lat' dir='ltr'>proficiscitur</span> <span class='ocrx_word' id='word_1_184' title='bbox 928 781 964 807; x_wconf 88' lang='lat' dir='ltr'>ad</span> <span class='ocrx_word' id='word_1_185' title='bbox 989 781 1140 809; x_wconf 66' lang='lat' dir='ltr'>vismdum</span> <span class='ocrx_word' id='word_1_186' title='bbox 1164 781 1273 810; x_wconf 89' lang='lat' dir='ltr'>[ustum</span> <span class='ocrx_word' id='word_1_187' title='bbox 1296 782 1424 810; x_wconf 91' lang='lat' dir='ltr'>Menium</span> <span class='ocrx_word' id='word_1_188' title='bbox 1450 788 1608 819; x_wconf 82' lang='lat' dir='ltr'>aegrotum.</span> 
     </span>
    </p>
   </div>
   <div class='ocr_carea' id='block_1_29' title="bbox 339 822 1250 852">
    <p class='ocr_par' dir='ltr' id='par_1_37' title="bbox 339 822 1250 852">
     <span class='ocr_line' id='line_1_47' title="bbox 339 822 1250 852; baseline -0.001 0"><span class='ocrx_word' id='word_1_189' title='bbox 339 846 345 852; x_wconf 96' lang='lat'>.</span> <span class='ocrx_word' id='word_1_190' title='bbox 369 823 486 852; x_wconf 81' lang='lat' dir='ltr'>Flacius</span> <span class='ocrx_word' id='word_1_191' title='bbox 509 824 608 851; x_wconf 63' lang='lat' dir='ltr'>scribit</span> <span class='ocrx_word' id='word_1_192' title='bbox 629 823 769 850; x_wconf 72' lang='lat' dir='ltr'>adversus</span> <span class='ocrx_word' id='word_1_193' title='bbox 792 832 938 851; x_wconf 79' lang='lat' dir='ltr'>recessum</span> <span class='ocrx_word' id='word_1_194' title='bbox 960 822 1250 852; x_wconf 75' lang='lat' dir='ltr'>Francofordensem.</span> 
     </span>
    </p>
   </div>
   <div class='ocr_carea' id='block_1_30' title="bbox 368 864 2185 1287">
    <p class='ocr_par' dir='ltr' id='par_1_38' title="bbox 368 864 1469 902">
     <span class='ocr_line' id='line_1_48' title="bbox 368 864 1469 902; baseline 0.002 -9"><span class='ocrx_word' id='word_1_195' title='bbox 368 866 537 894; x_wconf 83' lang='lat' dir='ltr'>Melanthon</span> <span class='ocrx_word' id='word_1_196' title='bbox 560 864 680 893; x_wconf 83' lang='lat' dir='ltr'>Senatui</span> <span class='ocrx_word' id='word_1_197' title='bbox 701 864 932 902; x_wconf 71' lang='lat' dir='ltr'>Norinbcrgensi</span> <span class='ocrx_word' id='word_1_198' title='bbox 955 867 1111 902; x_wconf 77' lang='lat' dir='ltr'>respondet</span> <span class='ocrx_word' id='word_1_199' title='bbox 1135 867 1170 894; x_wconf 81' lang='lat' dir='ltr'>de</span> <span class='ocrx_word' id='word_1_200' title='bbox 1194 876 1309 895; x_wconf 79' lang='lat' dir='ltr'>recessu</span> <span class='ocrx_word' id='word_1_201' title='bbox 1335 867 1469 896; x_wconf 77' lang='lat' dir='ltr'>Francos.</span> 
     </span>
    </p>

    <p class='ocr_par' dir='ltr' id='par_1_39' title="bbox 373 906 2185 989">
     <span class='ocr_line' id='line_1_49' title="bbox 373 906 2185 946; baseline 0.001 -10"><span class='ocrx_word' id='word_1_202' title='bbox 373 909 567 937; x_wconf 80' lang='lat' dir='ltr'>Melanthonis</span> <span class='ocrx_word' id='word_1_203' title='bbox 596 908 667 935; x_wconf 86' lang='lat' dir='ltr'>liber</span> <span class='ocrx_word' id='word_1_204' title='bbox 698 912 798 935; x_wconf 85' lang='lat' dir='ltr'>contra</span> <span class='ocrx_word' id='word_1_205' title='bbox 826 906 1001 946; x_wconf 77' lang='lat' dir='ltr'>Staphylum</span> <span class='ocrx_word' id='word_1_206' title='bbox 1032 908 1134 936; x_wconf 85' lang='lat' dir='ltr'>iterum</span> <span class='ocrx_word' id='word_1_207' title='bbox 1166 910 1335 943; x_wconf 78' lang='lat' dir='ltr'>excuditur,</span> <span class='ocrx_word' id='word_1_208' title='bbox 1371 911 1416 937; x_wconf 85' lang='lat' dir='ltr'>cui</span> <span class='ocrx_word' id='word_1_209' title='bbox 1440 910 1593 938; x_wconf 82' lang='lat' dir='ltr'>additurus</span> <span class='ocrx_word' id='word_1_210' title='bbox 1617 915 1661 938; x_wconf 79' lang='lat' dir='ltr'>est</span> <span class='ocrx_word' id='word_1_211' title='bbox 1688 910 1889 938; x_wconf 79' lang='lat' dir='ltr'>refutationem</span> <span class='ocrx_word' id='word_1_212' title='bbox 1913 911 2033 940; x_wconf 82' lang='lat' dir='ltr'>alterius</span> <span class='ocrx_word' id='word_1_213' title='bbox 2054 910 2145 939; x_wconf 88' lang='lat' dir='ltr'>libelli</span> <span class='ocrx_word' id='word_1_214' title='bbox 2167 920 2185 938; x_wconf 82' lang='lat' dir='ltr'>a</span> 
     </span>
     <span class='ocr_line' id='line_1_50' title="bbox 404 951 677 989; baseline -0.011 -9"><span class='ocrx_word' id='word_1_215' title='bbox 404 951 548 989; x_wconf 82' lang='lat' dir='ltr'>Staphylo</span> <span class='ocrx_word' id='word_1_216' title='bbox 572 951 677 978; x_wconf 85' lang='lat' dir='ltr'>emissi.</span> 
     </span>
    </p>

    <p class='ocr_par' dir='ltr' id='par_1_40' title="bbox 372 993 2185 1064">
     <span class='ocr_line' id='line_1_51' title="bbox 372 993 2185 1033; baseline 0.001 -11"><span class='ocrx_word' id='word_1_217' title='bbox 372 994 492 1022; x_wconf 82' lang='lat' dir='ltr'>Ineunte</span> <span class='ocrx_word' id='word_1_218' title='bbox 514 994 594 1021; x_wconf 85' lang='lat' dir='ltr'>Maio</span> <span class='ocrx_word' id='word_1_219' title='bbox 619 993 763 1026; x_wconf 72' lang='lat' dir='ltr'>Flaciam&#39;,</span> <span class='ocrx_word' id='word_1_220' title='bbox 788 1002 875 1029; x_wconf 87' lang='lat' dir='ltr'>quum</span> <span class='ocrx_word' id='word_1_221' title='bbox 901 998 1061 1021; x_wconf 80' lang='lat' dir='ltr'>conventus</span> <span class='ocrx_word' id='word_1_222' title='bbox 1085 994 1276 1031; x_wconf 87' lang='lat' dir='ltr'>Magdebnrgi</span> <span class='ocrx_word' id='word_1_223' title='bbox 1306 995 1456 1023; x_wconf 81' lang='lat' dir='ltr'>habendus</span> <span class='ocrx_word' id='word_1_224' title='bbox 1478 1004 1535 1024; x_wconf 89' lang='lat' dir='ltr'>non</span> <span class='ocrx_word' id='word_1_225' title='bbox 1561 997 1747 1033; x_wconf 81' lang='lat' dir='ltr'>processerit,</span> <span class='ocrx_word' id='word_1_226' title='bbox 1771 997 1942 1024; x_wconf 86' lang='lat' dir='ltr'>conveniunt</span> <span class='ocrx_word' id='word_1_227' title='bbox 1968 996 2134 1032; x_wconf 76' lang='lat' dir='ltr'>Wimariae,</span> <span class='ocrx_word' id='word_1_228' title='bbox 2156 1001 2185 1024; x_wconf 86' lang='lat' dir='ltr'>et</span> 
     </span>
     <span class='ocr_line' id='line_1_52' title="bbox 404 1035 1159 1064; baseline -0.001 0"><span class='ocrx_word' id='word_1_229' title='bbox 404 1037 443 1064; x_wconf 90' lang='lat' dir='ltr'>ibi</span> <span class='ocrx_word' id='word_1_230' title='bbox 465 1037 582 1064; x_wconf 85' lang='lat' dir='ltr'>decreta</span> <span class='ocrx_word' id='word_1_231' title='bbox 604 1036 713 1064; x_wconf 78' lang='lat' dir='ltr'>faciunt</span> <span class='ocrx_word' id='word_1_232' title='bbox 735 1039 836 1062; x_wconf 85' lang='lat' dir='ltr'>contra</span> <span class='ocrx_word' id='word_1_233' title='bbox 856 1043 1003 1062; x_wconf 78' lang='lat' dir='ltr'>recessum</span> <span class='ocrx_word' id='word_1_234' title='bbox 1027 1035 1159 1064; x_wconf 76' lang='lat' dir='ltr'>Francos.</span> 
     </span>
    </p>

    <p class='ocr_par' dir='ltr' id='par_1_41' title="bbox 373 1077 1588 1114">
     <span class='ocr_line' id='line_1_53' title="bbox 373 1077 1588 1114; baseline 0 -7"><span class='ocrx_word' id='word_1_235' title='bbox 373 1079 542 1107; x_wconf 82' lang='lat' dir='ltr'>Melanthon</span> <span class='ocrx_word' id='word_1_236' title='bbox 566 1079 669 1105; x_wconf 83' lang='lat' dir='ltr'>invitat</span> <span class='ocrx_word' id='word_1_237' title='bbox 692 1077 727 1104; x_wconf 83' lang='lat' dir='ltr'>ad</span> <span class='ocrx_word' id='word_1_238' title='bbox 752 1077 868 1114; x_wconf 82' lang='lat' dir='ltr'>nuptias</span> <span class='ocrx_word' id='word_1_239' title='bbox 892 1078 946 1104; x_wconf 91' lang='lat' dir='ltr'>An</span> <span class='ocrx_word' id='word_1_240' title='bbox 959 1087 1040 1113; x_wconf 72' lang='lat' dir='ltr'>nae,</span> <span class='ocrx_word' id='word_1_241' title='bbox 1065 1077 1166 1106; x_wconf 83' lang='lat' dir='ltr'>Sabini</span> <span class='ocrx_word' id='word_1_242' title='bbox 1190 1079 1276 1114; x_wconf 67' lang='lat' dir='ltr'>filiae,</span> <span class='ocrx_word' id='word_1_243' title='bbox 1300 1085 1328 1106; x_wconf 81' lang='lat' dir='ltr'>et</span> <span class='ocrx_word' id='word_1_244' title='bbox 1346 1079 1464 1108; x_wconf 75' lang='lat' dir='ltr'>Eusebii</span> <span class='ocrx_word' id='word_1_245' title='bbox 1489 1081 1588 1108; x_wconf 83' lang='lat' dir='ltr'>Menii.</span> 
     </span>
    </p>

    <p class='ocr_par' dir='ltr' id='par_1_42' title="bbox 370 1120 1673 1159">
     <span class='ocr_line' id='line_1_54' title="bbox 370 1120 1673 1159; baseline 0.001 -10"><span class='ocrx_word' id='word_1_246' title='bbox 370 1121 490 1150; x_wconf 84' lang='lat' dir='ltr'>Scribit:</span> <span class='ocrx_word' id='word_1_247' title='bbox 517 1121 650 1157; x_wconf 85' lang='lat' dir='ltr'>„Defluit</span> <span class='ocrx_word' id='word_1_248' title='bbox 673 1120 741 1147; x_wconf 86' lang='lat' dir='ltr'>mihi</span> <span class='ocrx_word' id='word_1_249' title='bbox 765 1120 846 1157; x_wconf 86' lang='lat' dir='ltr'>larga</span> <span class='ocrx_word' id='word_1_250' title='bbox 868 1120 973 1157; x_wconf 78' lang='lat' dir='ltr'>pituita</span> <span class='ocrx_word' id='word_1_251' title='bbox 995 1121 1024 1148; x_wconf 92' lang='lat' dir='ltr'>in</span> <span class='ocrx_word' id='word_1_252' title='bbox 1049 1127 1159 1158; x_wconf 76' lang='lat' dir='ltr'>peetus,</span> <span class='ocrx_word' id='word_1_253' title='bbox 1183 1132 1258 1159; x_wconf 76' lang='lat' dir='ltr'>quae</span> <span class='ocrx_word' id='word_1_254' title='bbox 1282 1122 1349 1150; x_wconf 89' lang='lat' dir='ltr'>mihi</span> <span class='ocrx_word' id='word_1_255' title='bbox 1375 1128 1494 1150; x_wconf 88' lang='lat' dir='ltr'>mortem</span> <span class='ocrx_word' id='word_1_256' title='bbox 1520 1124 1673 1151; x_wconf 78' lang='lat' dir='ltr'>minamr.“</span> 
     </span>
    </p>

    <p class='ocr_par' dir='ltr' id='par_1_43' title="bbox 368 1162 990 1201">
     <span class='ocr_line' id='line_1_55' title="bbox 368 1162 990 1201; baseline -0.002 -10"><span class='ocrx_word' id='word_1_257' title='bbox 368 1164 530 1201; x_wconf 76' lang='lat' dir='ltr'>Nuptiae</span> <span class='ocrx_word' id='word_1_258' title='bbox 555 1166 680 1191; x_wconf 81' lang='lat' dir='ltr'>Annae</span> <span class='ocrx_word' id='word_1_259' title='bbox 703 1168 731 1189; x_wconf 85' lang='lat' dir='ltr'>et</span> <span class='ocrx_word' id='word_1_260' title='bbox 749 1162 868 1190; x_wconf 74' lang='lat' dir='ltr'>Eusebii</span> <span class='ocrx_word' id='word_1_261' title='bbox 891 1163 990 1190; x_wconf 84' lang='lat' dir='ltr'>Menii.</span> 
     </span>
    </p>

    <p class='ocr_par' dir='ltr' id='par_1_44' title="bbox 370 1205 1396 1243">
     <span class='ocr_line' id='line_1_56' title="bbox 370 1205 1396 1243; baseline 0.001 -9"><span class='ocrx_word' id='word_1_262' title='bbox 370 1207 503 1235; x_wconf 82' lang='lat' dir='ltr'>Exeunte</span> <span class='ocrx_word' id='word_1_263' title='bbox 526 1215 624 1233; x_wconf 80' lang='lat' dir='ltr'>mense</span> <span class='ocrx_word' id='word_1_264' title='bbox 647 1205 816 1233; x_wconf 72' lang='lat' dir='ltr'>Melanthon</span> <span class='ocrx_word' id='word_1_265' title='bbox 840 1205 924 1243; x_wconf 82' lang='lat' dir='ltr'>lapsu</span> <span class='ocrx_word' id='word_1_266' title='bbox 947 1206 1057 1234; x_wconf 83' lang='lat' dir='ltr'>duriter</span> <span class='ocrx_word' id='word_1_267' title='bbox 1077 1214 1195 1243; x_wconf 83' lang='lat' dir='ltr'>quassat</span> <span class='ocrx_word' id='word_1_268' title='bbox 1218 1218 1250 1235; x_wconf 81' lang='lat' dir='ltr'>os</span> <span class='ocrx_word' id='word_1_269' title='bbox 1274 1216 1396 1235; x_wconf 84' lang='lat' dir='ltr'>sacrum.</span> 
     </span>
    </p>

    <p class='ocr_par' dir='ltr' id='par_1_45' title="bbox 371 1248 1645 1287">
     <span class='ocr_line' id='line_1_57' title="bbox 371 1248 1645 1287; baseline 0.001 -9"><span class='ocrx_word' id='word_1_270' title='bbox 371 1250 481 1278; x_wconf 83' lang='lat' dir='ltr'>Instant</span> <span class='ocrx_word' id='word_1_271' title='bbox 504 1249 620 1286; x_wconf 79' lang='lat' dir='ltr'>nuptiae</span> <span class='ocrx_word' id='word_1_272' title='bbox 643 1248 829 1282; x_wconf 77' lang='lat' dir='ltr'>Catharinac,</span> <span class='ocrx_word' id='word_1_273' title='bbox 851 1248 927 1275; x_wconf 75' lang='lat' dir='ltr'>filiae</span> <span class='ocrx_word' id='word_1_274' title='bbox 949 1250 1092 1277; x_wconf 71' lang='lat' dir='ltr'>secundae</span> <span class='ocrx_word' id='word_1_275' title='bbox 1111 1249 1220 1285; x_wconf 74' lang='lat' dir='ltr'>Sabini,</span> <span class='ocrx_word' id='word_1_276' title='bbox 1245 1260 1308 1278; x_wconf 87' lang='lat' dir='ltr'>cum</span> <span class='ocrx_word' id='word_1_277' title='bbox 1335 1251 1421 1279; x_wconf 82' lang='lat' dir='ltr'>Mich.</span> <span class='ocrx_word' id='word_1_278' title='bbox 1446 1251 1645 1287; x_wconf 66' lang='lat' dir='ltr'>Meienburgo.</span> 
     </span>
    </p>
   </div>
   <div class='ocr_carea' id='block_1_31' title="bbox 365 1333 1774 1628">
    <p class='ocr_par' dir='ltr' id='par_1_46' title="bbox 369 1333 1256 1371">
     <span class='ocr_line' id='line_1_58' title="bbox 369 1333 1256 1371; baseline 0.001 -8"><span class='ocrx_word' id='word_1_279' title='bbox 369 1334 566 1363; x_wconf 83' lang='lat' dir='ltr'>Melanthonis</span> <span class='ocrx_word' id='word_1_280' title='bbox 589 1334 682 1362; x_wconf 84' lang='lat' dir='ltr'>oratio</span> <span class='ocrx_word' id='word_1_281' title='bbox 705 1333 741 1360; x_wconf 90' lang='lat' dir='ltr'>de</span> <span class='ocrx_word' id='word_1_282' title='bbox 762 1334 953 1371; x_wconf 82' lang='lat' dir='ltr'>Bugenhagio</span> <span class='ocrx_word' id='word_1_283' title='bbox 975 1335 1089 1371; x_wconf 88' lang='lat' dir='ltr'>publice</span> <span class='ocrx_word' id='word_1_284' title='bbox 1112 1336 1256 1364; x_wconf 87' lang='lat' dir='ltr'>recitatur.</span> 
     </span>
    </p>

    <p class='ocr_par' dir='ltr' id='par_1_47' title="bbox 368 1375 1774 1457">
     <span class='ocr_line' id='line_1_59' title="bbox 368 1375 1774 1417; baseline 0.001 -10"><span class='ocrx_word' id='word_1_285' title='bbox 368 1377 500 1407; x_wconf 80' lang='lat' dir='ltr'>Censura</span> <span class='ocrx_word' id='word_1_286' title='bbox 522 1385 653 1405; x_wconf 72' lang='lat' dir='ltr'>recessus</span> <span class='ocrx_word' id='word_1_287' title='bbox 672 1375 818 1410; x_wconf 80' lang='lat' dir='ltr'>F1·ancof.‚</span> <span class='ocrx_word' id='word_1_288' title='bbox 841 1386 859 1403; x_wconf 79' lang='lat' dir='ltr'>a</span> <span class='ocrx_word' id='word_1_289' title='bbox 879 1376 1120 1406; x_wconf 66' lang='lat' dir='ltr'>Wimariensibus</span> <span class='ocrx_word' id='word_1_290' title='bbox 1144 1379 1228 1413; x_wconf 67' lang='lat' dir='ltr'>edita,</span> <span class='ocrx_word' id='word_1_291' title='bbox 1252 1385 1296 1407; x_wconf 84' lang='lat' dir='ltr'>est</span> <span class='ocrx_word' id='word_1_292' title='bbox 1319 1380 1347 1407; x_wconf 73' lang='lat' dir='ltr'>iu</span> <span class='ocrx_word' id='word_1_293' title='bbox 1372 1379 1439 1407; x_wconf 84' lang='lat' dir='ltr'>aula</span> <span class='ocrx_word' id='word_1_294' title='bbox 1461 1379 1607 1417; x_wconf 85' lang='lat' dir='ltr'>Principis</span> <span class='ocrx_word' id='word_1_295' title='bbox 1621 1380 1774 1409; x_wconf 83' lang='lat' dir='ltr'>Electoris.</span> 
     </span>
     <span class='ocr_line' id='line_1_60' title="bbox 369 1418 1100 1457; baseline 0 -9"><span class='ocrx_word' id='word_1_296' title='bbox 369 1421 436 1448; x_wconf 88' lang='lat' dir='ltr'>Mel.</span> <span class='ocrx_word' id='word_1_297' title='bbox 460 1420 567 1457; x_wconf 80' lang='lat' dir='ltr'>accipit</span> <span class='ocrx_word' id='word_1_298' title='bbox 586 1429 692 1446; x_wconf 88' lang='lat' dir='ltr'>novum</span> <span class='ocrx_word' id='word_1_299' title='bbox 717 1418 963 1447; x_wconf 70' lang='lat' dir='ltr'>Schwenckfeldii</span> <span class='ocrx_word' id='word_1_300' title='bbox 987 1421 1100 1448; x_wconf 89' lang='lat' dir='ltr'>librum.</span> 
     </span>
    </p>

    <p class='ocr_par' dir='ltr' id='par_1_48' title="bbox 369 1462 1059 1499">
     <span class='ocr_line' id='line_1_61' title="bbox 369 1462 1059 1499; baseline 0.001 -8"><span class='ocrx_word' id='word_1_301' title='bbox 369 1463 492 1491; x_wconf 80' lang='lat' dir='ltr'>Cometa</span> <span class='ocrx_word' id='word_1_302' title='bbox 513 1463 688 1499; x_wconf 84' lang='lat' dir='ltr'>conspicitur</span> <span class='ocrx_word' id='word_1_303' title='bbox 711 1462 764 1489; x_wconf 87' lang='lat' dir='ltr'>sub</span> <span class='ocrx_word' id='word_1_304' title='bbox 789 1471 872 1489; x_wconf 70' lang='lat' dir='ltr'>coma</span> <span class='ocrx_word' id='word_1_305' title='bbox 896 1462 1059 1492; x_wconf 79' lang='lat' dir='ltr'>Berenices.</span> 
     </span>
    </p>

    <p class='ocr_par' dir='ltr' id='par_1_49' title="bbox 367 1505 1256 1541">
     <span class='ocr_line' id='line_1_62' title="bbox 367 1505 1256 1541; baseline 0.002 -9"><span class='ocrx_word' id='word_1_306' title='bbox 367 1505 539 1533; x_wconf 80' lang='lat' dir='ltr'>Melanthon</span> <span class='ocrx_word' id='word_1_307' title='bbox 563 1505 693 1532; x_wconf 82' lang='lat' dir='ltr'>nuntium</span> <span class='ocrx_word' id='word_1_308' title='bbox 718 1505 825 1541; x_wconf 80' lang='lat' dir='ltr'>accipit</span> <span class='ocrx_word' id='word_1_309' title='bbox 847 1505 882 1532; x_wconf 88' lang='lat' dir='ltr'>de</span> <span class='ocrx_word' id='word_1_310' title='bbox 905 1511 997 1533; x_wconf 86' lang='lat' dir='ltr'>morte</span> <span class='ocrx_word' id='word_1_311' title='bbox 1020 1506 1114 1534; x_wconf 89' lang='lat' dir='ltr'>lusti</span> <span class='ocrx_word' id='word_1_312' title='bbox 1134 1507 1256 1535; x_wconf 85' lang='lat' dir='ltr'>Menii.</span> 
     </span>
    </p>

    <p class='ocr_par' dir='ltr' id='par_1_50' title="bbox 371 1547 1599 1588">
     <span class='ocr_line' id='line_1_63' title="bbox 371 1547 1599 1588; baseline 0.002 -12"><span class='ocrx_word' id='word_1_313' title='bbox 371 1548 479 1576; x_wconf 85' lang='lat' dir='ltr'>Paulus</span> <span class='ocrx_word' id='word_1_314' title='bbox 503 1548 645 1575; x_wconf 86' lang='lat' dir='ltr'>Eberus</span> <span class='ocrx_word' id='word_1_315' title='bbox 669 1547 888 1575; x_wconf 83' lang='lat' dir='ltr'>commendatur</span> <span class='ocrx_word' id='word_1_316' title='bbox 911 1548 1003 1584; x_wconf 73' lang='lat' dir='ltr'>aulae,</span> <span class='ocrx_word' id='word_1_317' title='bbox 1026 1556 1054 1577; x_wconf 91' lang='lat' dir='ltr'>ut</span> <span class='ocrx_word' id='word_1_318' title='bbox 1079 1549 1213 1577; x_wconf 84' lang='lat' dir='ltr'>succedat</span> <span class='ocrx_word' id='word_1_319' title='bbox 1235 1551 1264 1577; x_wconf 87' lang='lat' dir='ltr'>in</span> <span class='ocrx_word' id='word_1_320' title='bbox 1291 1550 1384 1578; x_wconf 85' lang='lat' dir='ltr'>locum</span> <span class='ocrx_word' id='word_1_321' title='bbox 1410 1550 1599 1588; x_wconf 60' lang='lat' dir='ltr'>liugenliagii.</span> 
     </span>
    </p>

    <p class='ocr_par' dir='ltr' id='par_1_51' title="bbox 365 1590 1036 1628">
     <span class='ocr_line' id='line_1_64' title="bbox 365 1590 1036 1628; baseline 0.001 -10"><span class='ocrx_word' id='word_1_322' title='bbox 365 1592 455 1620; x_wconf 83' lang='lat' dir='ltr'>Mittit</span> <span class='ocrx_word' id='word_1_323' title='bbox 475 1591 576 1618; x_wconf 86' lang='lat' dir='ltr'>amicis</span> <span class='ocrx_word' id='word_1_324' title='bbox 598 1590 757 1618; x_wconf 87' lang='lat' dir='ltr'>orationem</span> <span class='ocrx_word' id='word_1_325' title='bbox 783 1590 818 1617; x_wconf 88' lang='lat' dir='ltr'>de</span> <span class='ocrx_word' id='word_1_326' title='bbox 837 1590 1036 1628; x_wconf 69' lang='lat' dir='ltr'>Bugenliagio.</span> 
     </span>
    </p>
   </div>
   <div class='ocr_carea' id='block_1_32' title="bbox 335 1632 1669 1673">
    <p class='ocr_par' dir='ltr' id='par_1_52' title="bbox 335 1632 1669 1673">
     <span class='ocr_line' id='line_1_65' title="bbox 335 1632 1669 1673; baseline 0.001 -11"><span class='ocrx_word' id='word_1_327' title='bbox 335 1657 341 1663; x_wconf 92' lang='lat'>.</span> <span class='ocrx_word' id='word_1_328' title='bbox 366 1635 434 1662; x_wconf 88' lang='lat' dir='ltr'>Mel.</span> <span class='ocrx_word' id='word_1_329' title='bbox 459 1634 573 1670; x_wconf 82' lang='lat' dir='ltr'>prolixe</span> <span class='ocrx_word' id='word_1_330' title='bbox 597 1632 694 1661; x_wconf 77' lang='lat' dir='ltr'>scribit</span> <span class='ocrx_word' id='word_1_331' title='bbox 721 1633 834 1660; x_wconf 82' lang='lat' dir='ltr'>cuidam</span> <span class='ocrx_word' id='word_1_332' title='bbox 860 1633 987 1671; x_wconf 85' lang='lat' dir='ltr'>Principi</span> <span class='ocrx_word' id='word_1_333' title='bbox 1011 1635 1046 1662; x_wconf 91' lang='lat' dir='ltr'>de</span> <span class='ocrx_word' id='word_1_334' title='bbox 1070 1636 1236 1664; x_wconf 82' lang='lat' dir='ltr'>novissimis</span> <span class='ocrx_word' id='word_1_335' title='bbox 1261 1637 1466 1664; x_wconf 75' lang='lat' dir='ltr'>controversiis</span> <span class='ocrx_word' id='word_1_336' title='bbox 1490 1636 1669 1673; x_wconf 80' lang='lat' dir='ltr'>theologicis.</span> 
     </span>
    </p>
   </div>
   <div class='ocr_carea' id='block_1_33' title="bbox 368 1675 2184 1875">
    <p class='ocr_par' dir='ltr' id='par_1_53' title="bbox 369 1675 1299 1713">
     <span class='ocr_line' id='line_1_66' title="bbox 369 1675 1299 1713; baseline 0.002 -9"><span class='ocrx_word' id='word_1_337' title='bbox 369 1678 515 1704; x_wconf 86' lang='lat' dir='ltr'>Prodeunt</span> <span class='ocrx_word' id='word_1_338' title='bbox 540 1677 568 1704; x_wconf 92' lang='lat' dir='ltr'>in</span> <span class='ocrx_word' id='word_1_339' title='bbox 594 1675 721 1703; x_wconf 81' lang='lat' dir='ltr'>Bavaria</span> <span class='ocrx_word' id='word_1_340' title='bbox 744 1676 857 1703; x_wconf 80' lang='lat' dir='ltr'>articuli</span> <span class='ocrx_word' id='word_1_341' title='bbox 882 1677 1077 1713; x_wconf 68' lang='lat' dir='ltr'>inquisitionis</span> <span class='ocrx_word' id='word_1_342' title='bbox 1100 1678 1136 1705; x_wconf 89' lang='lat' dir='ltr'>de</span> <span class='ocrx_word' id='word_1_343' title='bbox 1156 1679 1299 1707; x_wconf 88' lang='lat' dir='ltr'>doctrina.</span> 
     </span>
    </p>

    <p class='ocr_par' dir='ltr' id='par_1_54' title="bbox 368 1718 1192 1758">
     <span class='ocr_line' id='line_1_67' title="bbox 368 1718 1192 1758; baseline 0.001 -11"><span class='ocrx_word' id='word_1_344' title='bbox 368 1718 536 1754; x_wconf 69' lang='lat' dir='ltr'>Camarina.</span> <span class='ocrx_word' id='word_1_345' title='bbox 559 1728 667 1755; x_wconf 86' lang='lat' dir='ltr'>sponsa</span> <span class='ocrx_word' id='word_1_346' title='bbox 690 1719 881 1756; x_wconf 62' lang='lat' dir='ltr'>Meienburgi,</span> <span class='ocrx_word' id='word_1_347' title='bbox 904 1721 1031 1756; x_wconf 83' lang='lat' dir='ltr'>graviter</span> <span class='ocrx_word' id='word_1_348' title='bbox 1053 1726 1192 1758; x_wconf 73' lang='lat' dir='ltr'>aegrotat.</span> 
     </span>
    </p>

    <p class='ocr_par' dir='ltr' id='par_1_55' title="bbox 371 1760 1577 1801">
     <span class='ocr_line' id='line_1_68' title="bbox 371 1760 1577 1801; baseline 0.002 -11"><span class='ocrx_word' id='word_1_349' title='bbox 371 1763 493 1790; x_wconf 85' lang='lat' dir='ltr'>Moritur</span> <span class='ocrx_word' id='word_1_350' title='bbox 517 1763 637 1795; x_wconf 81' lang='lat' dir='ltr'>Anna,</span> <span class='ocrx_word' id='word_1_351' title='bbox 661 1760 820 1789; x_wconf 83' lang='lat' dir='ltr'>Camerarii</span> <span class='ocrx_word' id='word_1_352' title='bbox 845 1762 914 1796; x_wconf 81' lang='lat' dir='ltr'>filia,</span> <span class='ocrx_word' id='word_1_353' title='bbox 938 1764 1045 1791; x_wconf 72' lang='lat' dir='ltr'>coniux</span> <span class='ocrx_word' id='word_1_354' title='bbox 1069 1763 1182 1791; x_wconf 80' lang='lat' dir='ltr'>Esrouii</span> <span class='ocrx_word' id='word_1_355' title='bbox 1209 1764 1367 1801; x_wconf 71' lang='lat' dir='ltr'>Rudingcri</span> <span class='ocrx_word' id='word_1_356' title='bbox 1392 1764 1577 1801; x_wconf 74' lang='lat' dir='ltr'>Vitebergae.</span> 
     </span>
    </p>

    <p class='ocr_par' dir='ltr' id='par_1_56' title="bbox 371 1802 2184 1875">
     <span class='ocr_line' id='line_1_69' title="bbox 371 1802 2184 1846; baseline 0.004 -14"><span class='ocrx_word' id='word_1_357' title='bbox 371 1805 492 1833; x_wconf 85' lang='lat' dir='ltr'>Moritur</span> <span class='ocrx_word' id='word_1_358' title='bbox 515 1802 685 1838; x_wconf 72' lang='lat' dir='ltr'>Carolus,</span> <span class='ocrx_word' id='word_1_359' title='bbox 710 1803 888 1842; x_wconf 75' lang='lat' dir='ltr'>Imperator,</span> <span class='ocrx_word' id='word_1_360' title='bbox 912 1806 942 1832; x_wconf 91' lang='lat' dir='ltr'>in</span> <span class='ocrx_word' id='word_1_361' title='bbox 966 1806 1125 1843; x_wconf 78' lang='lat' dir='ltr'>Hispania,</span> <span class='ocrx_word' id='word_1_362' title='bbox 1154 1807 1189 1835; x_wconf 78' lang='lat' dir='ltr'>de</span> <span class='ocrx_word' id='word_1_363' title='bbox 1214 1807 1295 1834; x_wconf 83' lang='lat' dir='ltr'>cuius</span> <span class='ocrx_word' id='word_1_364' title='bbox 1317 1807 1432 1835; x_wconf 67' lang='lat' dir='ltr'>eximiis</span> <span class='ocrx_word' id='word_1_365' title='bbox 1455 1807 1571 1835; x_wconf 80' lang='lat' dir='ltr'>dotibus</span> <span class='ocrx_word' id='word_1_366' title='bbox 1595 1807 1763 1835; x_wconf 81' lang='lat' dir='ltr'>Melanthon</span> <span class='ocrx_word' id='word_1_367' title='bbox 1790 1809 1879 1836; x_wconf 85' lang='lat' dir='ltr'>multa</span> <span class='ocrx_word' id='word_1_368' title='bbox 1901 1810 2017 1846; x_wconf 82' lang='lat' dir='ltr'>scripsit</span> <span class='ocrx_word' id='word_1_369' title='bbox 2036 1811 2065 1837; x_wconf 91' lang='lat' dir='ltr'>in</span> <span class='ocrx_word' id='word_1_370' title='bbox 2092 1820 2184 1839; x_wconf 76' lang='lat' dir='ltr'>anna—</span> 
     </span>
     <span class='ocr_line' id='line_1_70' title="bbox 402 1847 856 1875; baseline 0 0"><span class='ocrx_word' id='word_1_371' title='bbox 402 1847 477 1875; x_wconf 82' lang='lat' dir='ltr'>libus</span> <span class='ocrx_word' id='word_1_372' title='bbox 500 1847 559 1874; x_wconf 90' lang='lat' dir='ltr'>suis</span> <span class='ocrx_word' id='word_1_373' title='bbox 582 1847 618 1874; x_wconf 87' lang='lat' dir='ltr'>ad</span> <span class='ocrx_word' id='word_1_374' title='bbox 641 1847 718 1874; x_wconf 86' lang='lat' dir='ltr'>hunc</span> <span class='ocrx_word' id='word_1_375' title='bbox 740 1856 856 1875; x_wconf 86' lang='lat' dir='ltr'>annum.</span> 
     </span>
    </p>
   </div>
   <div class='ocr_carea' id='block_1_34' title="bbox 338 1889 1983 1974">
    <p class='ocr_par' dir='ltr' id='par_1_57' title="bbox 338 1889 1983 1974">
     <span class='ocr_line' id='line_1_71' title="bbox 339 1889 1869 1928; baseline 0.002 -10"><span class='ocrx_word' id='word_1_376' title='bbox 339 1911 346 1918; x_wconf 89' lang='lat'>.</span> <span class='ocrx_word' id='word_1_377' title='bbox 371 1890 554 1927; x_wconf 70' lang='lat' dir='ltr'>Responsum</span> <span class='ocrx_word' id='word_1_378' title='bbox 579 1889 775 1917; x_wconf 84' lang='lat' dir='ltr'>Melanthonis</span> <span class='ocrx_word' id='word_1_379' title='bbox 796 1891 832 1918; x_wconf 87' lang='lat' dir='ltr'>ad</span> <span class='ocrx_word' id='word_1_380' title='bbox 856 1900 1015 1925; x_wconf 72' lang='lat' dir='ltr'>censuram,</span> <span class='ocrx_word' id='word_1_381' title='bbox 1040 1902 1096 1928; x_wconf 79' lang='lat' dir='ltr'>qua</span> <span class='ocrx_word' id='word_1_382' title='bbox 1120 1891 1327 1920; x_wconf 80' lang='lat' dir='ltr'>Wimarienses</span> <span class='ocrx_word' id='word_1_383' title='bbox 1351 1902 1496 1920; x_wconf 76' lang='lat' dir='ltr'>recessum</span> <span class='ocrx_word' id='word_1_384' title='bbox 1528 1892 1663 1921; x_wconf 86' lang='lat' dir='ltr'>Francof.</span> <span class='ocrx_word' id='word_1_385' title='bbox 1689 1900 1869 1922; x_wconf 80' lang='lat' dir='ltr'>taxaverant.</span> 
     </span>
     <span class='ocr_line' id='line_1_72' title="bbox 338 1932 1983 1974; baseline 0.003 -14"><span class='ocrx_word' id='word_1_386' title='bbox 338 1955 343 1960; x_wconf 90' lang='lat'>.</span> <span class='ocrx_word' id='word_1_387' title='bbox 371 1933 437 1961; x_wconf 83' lang='lat' dir='ltr'>Mel.</span> <span class='ocrx_word' id='word_1_388' title='bbox 462 1932 559 1960; x_wconf 82' lang='lat' dir='ltr'>scribit</span> <span class='ocrx_word' id='word_1_389' title='bbox 580 1932 617 1959; x_wconf 83' lang='lat' dir='ltr'>ad</span> <span class='ocrx_word' id='word_1_390' title='bbox 637 1932 825 1967; x_wconf 73' lang='lat' dir='ltr'>Fridericum,</span> <span class='ocrx_word' id='word_1_391' title='bbox 848 1932 959 1961; x_wconf 61' lang='lat' dir='ltr'>Ducem</span> <span class='ocrx_word' id='word_1_392' title='bbox 983 1933 1114 1969; x_wconf 62' lang='lat' dir='ltr'>silesiae,</span> <span class='ocrx_word' id='word_1_393' title='bbox 1137 1935 1172 1962; x_wconf 76' lang='lat' dir='ltr'>de</span> <span class='ocrx_word' id='word_1_394' title='bbox 1196 1936 1334 1963; x_wconf 80' lang='lat' dir='ltr'>vocandis</span> <span class='ocrx_word' id='word_1_395' title='bbox 1353 1936 1519 1963; x_wconf 86' lang='lat' dir='ltr'>doctoribus</span> <span class='ocrx_word' id='word_1_396' title='bbox 1540 1936 1569 1963; x_wconf 91' lang='lat' dir='ltr'>in</span> <span class='ocrx_word' id='word_1_397' title='bbox 1594 1936 1722 1964; x_wconf 85' lang='lat' dir='ltr'>scholam</span> <span class='ocrx_word' id='word_1_398' title='bbox 1743 1935 1983 1974; x_wconf 65' lang='lat' dir='ltr'>Golbergensvm.</span> 
     </span>
    </p>
   </div>
   <div class='ocr_carea' id='block_1_35' title="bbox 372 1974 1655 2016">
    <p class='ocr_par' dir='ltr' id='par_1_58' title="bbox 372 1974 1655 2016">
     <span class='ocr_line' id='line_1_73' title="bbox 372 1974 1655 2016; baseline 0.004 -13"><span class='ocrx_word' id='word_1_399' title='bbox 372 1975 522 2003; x_wconf 77' lang='lat' dir='ltr'>Praefatur</span> <span class='ocrx_word' id='word_1_400' title='bbox 541 1975 576 2002; x_wconf 88' lang='lat' dir='ltr'>ad</span> <span class='ocrx_word' id='word_1_401' title='bbox 601 1975 723 2002; x_wconf 80' lang='lat' dir='ltr'>eundem</span> <span class='ocrx_word' id='word_1_402' title='bbox 746 1974 858 2003; x_wconf 79' lang='lat' dir='ltr'>Ducem</span> <span class='ocrx_word' id='word_1_403' title='bbox 883 1976 911 2003; x_wconf 87' lang='lat' dir='ltr'>in</span> <span class='ocrx_word' id='word_1_404' title='bbox 931 1977 1145 2005; x_wconf 79' lang='lat' dir='ltr'>Trotzendortii</span> <span class='ocrx_word' id='word_1_405' title='bbox 1170 1978 1333 2005; x_wconf 77' lang='lat' dir='ltr'>catechesin</span> <span class='ocrx_word' id='word_1_406' title='bbox 1357 1979 1473 2006; x_wconf 79' lang='lat' dir='ltr'>scholae</span> <span class='ocrx_word' id='word_1_407' title='bbox 1497 1978 1655 2016; x_wconf 82' lang='lat' dir='ltr'>Goldberg.</span> 
     </span>
    </p>
   </div>
   <div class='ocr_carea' id='block_1_36' title="bbox 340 2017 2182 2060">
    <p class='ocr_par' dir='ltr' id='par_1_59' title="bbox 340 2017 2182 2060">
     <span class='ocr_line' id='line_1_74' title="bbox 340 2017 2182 2060; baseline 0.003 -14"><span class='ocrx_word' id='word_1_408' title='bbox 340 2041 345 2046; x_wconf 97' lang='lat'>.</span> <span class='ocrx_word' id='word_1_409' title='bbox 370 2018 537 2045; x_wconf 87' lang='lat' dir='ltr'>Melanthon</span> <span class='ocrx_word' id='word_1_410' title='bbox 567 2017 705 2045; x_wconf 71' lang='lat' dir='ltr'>articulos</span> <span class='ocrx_word' id='word_1_411' title='bbox 738 2018 933 2054; x_wconf 83' lang='lat' dir='ltr'>inquisitionis</span> <span class='ocrx_word' id='word_1_412' title='bbox 963 2019 1122 2048; x_wconf 82' lang='lat' dir='ltr'>Bavaricae</span> <span class='ocrx_word' id='word_1_413' title='bbox 1154 2022 1210 2048; x_wconf 82' lang='lat' dir='ltr'>edit</span> <span class='ocrx_word' id='word_1_414' title='bbox 1243 2021 1272 2048; x_wconf 88' lang='lat' dir='ltr'>in</span> <span class='ocrx_word' id='word_1_415' title='bbox 1302 2031 1385 2049; x_wconf 83' lang='lat' dir='ltr'>usum</span> <span class='ocrx_word' id='word_1_416' title='bbox 1414 2021 1548 2055; x_wconf 73' lang='lat' dir='ltr'>scholae,</span> <span class='ocrx_word' id='word_1_417' title='bbox 1579 2028 1603 2049; x_wconf 77' lang='lat' dir='ltr'>et</span> <span class='ocrx_word' id='word_1_418' title='bbox 1630 2023 1714 2050; x_wconf 82' lang='lat' dir='ltr'>tradit</span> <span class='ocrx_word' id='word_1_419' title='bbox 1736 2022 1766 2050; x_wconf 92' lang='lat' dir='ltr'>in</span> <span class='ocrx_word' id='word_1_420' title='bbox 1795 2022 1895 2050; x_wconf 82' lang='lat' dir='ltr'>schola</span> <span class='ocrx_word' id='word_1_421' title='bbox 1924 2024 2143 2060; x_wconf 84' lang='lat' dir='ltr'>responsiones,</span> <span class='ocrx_word' id='word_1_422' title='bbox 2167 2035 2182 2053; x_wconf 90' lang='lat' dir='ltr'>e</span> 
     </span>
    </p>
   </div>
   <div class='ocr_carea' id='block_1_37' title="bbox 369 2060 2182 2145">
    <p class='ocr_par' dir='ltr' id='par_1_60' title="bbox 369 2060 2182 2145">
     <span class='ocr_line' id='line_1_75' title="bbox 404 2060 2182 2104; baseline 0.004 -16"><span class='ocrx_word' id='word_1_423' title='bbox 404 2061 508 2098; x_wconf 88' lang='lat' dir='ltr'>quibus</span> <span class='ocrx_word' id='word_1_424' title='bbox 530 2060 633 2087; x_wconf 67' lang='lat' dir='ltr'>deinde</span> <span class='ocrx_word' id='word_1_425' title='bbox 655 2061 716 2087; x_wconf 84' lang='lat' dir='ltr'>eius</span> <span class='ocrx_word' id='word_1_426' title='bbox 738 2060 824 2088; x_wconf 83' lang='lat' dir='ltr'>liber:</span> <span class='ocrx_word' id='word_1_427' title='bbox 849 2060 1068 2098; x_wconf 81' lang='lat' dir='ltr'>Responsiones</span> <span class='ocrx_word' id='word_1_428' title='bbox 1092 2063 1127 2091; x_wconf 88' lang='lat' dir='ltr'>ad</span> <span class='ocrx_word' id='word_1_429' title='bbox 1151 2064 1231 2092; x_wconf 74' lang='lat' dir='ltr'>artic.</span> <span class='ocrx_word' id='word_1_430' title='bbox 1245 2064 1348 2092; x_wconf 80' lang='lat' dir='ltr'>Bavar.</span> <span class='ocrx_word' id='word_1_431' title='bbox 1372 2065 1578 2100; x_wconf 79' lang='lat' dir='ltr'>inquisitionis,</span> <span class='ocrx_word' id='word_1_432' title='bbox 1603 2070 1686 2093; x_wconf 88' lang='lat' dir='ltr'>natus</span> <span class='ocrx_word' id='word_1_433' title='bbox 1708 2069 1760 2098; x_wconf 84' lang='lat' dir='ltr'>est,</span> <span class='ocrx_word' id='word_1_434' title='bbox 1783 2065 1832 2101; x_wconf 87' lang='lat' dir='ltr'>qui</span> <span class='ocrx_word' id='word_1_435' title='bbox 1854 2075 1932 2093; x_wconf 81' lang='lat' dir='ltr'>anno</span> <span class='ocrx_word' id='word_1_436' title='bbox 1955 2067 2042 2094; x_wconf 79' lang='lat'>1559.</span> <span class='ocrx_word' id='word_1_437' title='bbox 2065 2068 2182 2104; x_wconf 81' lang='lat' dir='ltr'>prodiit.</span> 
     </span>
     <span class='ocr_line' id='line_1_76' title="bbox 369 2102 2138 2145; baseline 0.004 -14"><span class='ocrx_word' id='word_1_438' title='bbox 369 2102 435 2131; x_wconf 86' lang='lat' dir='ltr'>Hoc</span> <span class='ocrx_word' id='word_1_439' title='bbox 458 2103 519 2130; x_wconf 84' lang='lat' dir='ltr'>fere</span> <span class='ocrx_word' id='word_1_440' title='bbox 542 2107 670 2139; x_wconf 81' lang='lat' dir='ltr'>tempore</span> <span class='ocrx_word' id='word_1_441' title='bbox 694 2104 845 2140; x_wconf 79' lang='lat' dir='ltr'>nuptiae</span> <span class='ocrx_word' id='word_1_442' title='bbox 869 2103 1110 2137; x_wconf 65' lang='lat' dir='ltr'>catharinae„</span> <span class='ocrx_word' id='word_1_443' title='bbox 1133 2104 1233 2135; x_wconf 79' lang='lat' dir='ltr'>Sabini</span> <span class='ocrx_word' id='word_1_444' title='bbox 1256 2107 1341 2140; x_wconf 62' lang='lat' dir='ltr'>filiae,</span> <span class='ocrx_word' id='word_1_445' title='bbox 1366 2113 1393 2134; x_wconf 88' lang='lat' dir='ltr'>et</span> <span class='ocrx_word' id='word_1_446' title='bbox 1416 2107 1503 2136; x_wconf 82' lang='lat' dir='ltr'>Mich.</span> <span class='ocrx_word' id='word_1_447' title='bbox 1530 2107 1718 2145; x_wconf 86' lang='lat' dir='ltr'>Meienburgi.</span> <span class='ocrx_word' id='word_1_448' title='bbox 1764 2106 1823 2143; x_wconf 84' lang='lat' dir='ltr'>(Cf.</span> <span class='ocrx_word' id='word_1_449' title='bbox 1849 2118 1913 2145; x_wconf 65' lang='lat' dir='ltr'>opp.</span> <span class='ocrx_word' id='word_1_450' title='bbox 1938 2109 1964 2135; x_wconf 94' lang='lat' dir='ltr'>d.</span> <span class='ocrx_word' id='word_1_451' title='bbox 1993 2110 2038 2136; x_wconf 89' lang='lat'>15.</span> <span class='ocrx_word' id='word_1_452' title='bbox 2060 2108 2138 2143; x_wconf 79' lang='lat' dir='ltr'>Oct.)</span> 
     </span>
    </p>
   </div>
   <div class='ocr_carea' id='block_1_38' title="bbox 338 2144 916 2182">
    <p class='ocr_par' dir='ltr' id='par_1_61' title="bbox 338 2144 916 2182">
     <span class='ocr_line' id='line_1_77' title="bbox 338 2144 916 2182; baseline -0.002 -8"><span class='ocrx_word' id='word_1_453' title='bbox 338 2168 343 2175; x_wconf 88' lang='lat'>.</span> <span class='ocrx_word' id='word_1_454' title='bbox 368 2146 518 2173; x_wconf 86' lang='lat' dir='ltr'>Erhardus</span> <span class='ocrx_word' id='word_1_455' title='bbox 541 2144 765 2182; x_wconf 66' lang='lat' dir='ltr'>Selinvpl&#39;ius</span> <span class='ocrx_word' id='word_1_456' title='bbox 789 2146 916 2173; x_wconf 84' lang='lat' dir='ltr'>moritur.</span> 
     </span>
    </p>
   </div>
   <div class='ocr_carea' id='block_1_39' title="bbox 367 2188 1595 2272">
    <p class='ocr_par' dir='ltr' id='par_1_62' title="bbox 367 2188 1595 2272">
     <span class='ocr_line' id='line_1_78' title="bbox 368 2188 1595 2230; baseline 0.003 -14"><span class='ocrx_word' id='word_1_457' title='bbox 368 2189 535 2216; x_wconf 81' lang='lat' dir='ltr'>Melanthon</span> <span class='ocrx_word' id='word_1_458' title='bbox 560 2188 663 2215; x_wconf 82' lang='lat' dir='ltr'>iterum</span> <span class='ocrx_word' id='word_1_459' title='bbox 683 2188 782 2215; x_wconf 73' lang='lat' dir='ltr'>scribit</span> <span class='ocrx_word' id='word_1_460' title='bbox 804 2189 840 2216; x_wconf 84' lang='lat' dir='ltr'>ad</span> <span class='ocrx_word' id='word_1_461' title='bbox 865 2189 1040 2217; x_wconf 85' lang='lat' dir='ltr'>Fridericum</span> <span class='ocrx_word' id='word_1_462' title='bbox 1060 2189 1174 2218; x_wconf 74' lang='lat' dir='ltr'>Duceni</span> <span class='ocrx_word' id='word_1_463' title='bbox 1198 2192 1233 2218; x_wconf 84' lang='lat' dir='ltr'>de</span> <span class='ocrx_word' id='word_1_464' title='bbox 1255 2192 1354 2220; x_wconf 75' lang='lat' dir='ltr'>schola</span> <span class='ocrx_word' id='word_1_465' title='bbox 1374 2190 1595 2230; x_wconf 71' lang='lat' dir='ltr'>Goldbergensi.</span> 
     </span>
     <span class='ocr_line' id='line_1_79' title="bbox 367 2230 1574 2272; baseline 0.004 -14"><span class='ocrx_word' id='word_1_466' title='bbox 367 2231 447 2258; x_wconf 87' lang='lat' dir='ltr'>Idem</span> <span class='ocrx_word' id='word_1_467' title='bbox 471 2232 571 2259; x_wconf 74' lang='lat' dir='ltr'>laudes</span> <span class='ocrx_word' id='word_1_468' title='bbox 594 2230 714 2258; x_wconf 84' lang='lat' dir='ltr'>Ioannis</span> <span class='ocrx_word' id='word_1_469' title='bbox 738 2231 886 2266; x_wconf 52' lang='lat' dir='ltr'>Eride-ici,</span> <span class='ocrx_word' id='word_1_470' title='bbox 910 2230 1001 2260; x_wconf 90' lang='lat' dir='ltr'>Ducis</span> <span class='ocrx_word' id='word_1_471' title='bbox 1024 2231 1093 2260; x_wconf 72' lang='lat' dir='ltr'>Sax.</span> <span class='ocrx_word' id='word_1_472' title='bbox 1117 2233 1207 2261; x_wconf 79' lang='lat' dir='ltr'>Eleet.</span> <span class='ocrx_word' id='word_1_473' title='bbox 1232 2234 1331 2261; x_wconf 80' lang='lat' dir='ltr'>scribit</span> <span class='ocrx_word' id='word_1_474' title='bbox 1353 2236 1390 2262; x_wconf 84' lang='lat' dir='ltr'>ad</span> <span class='ocrx_word' id='word_1_475' title='bbox 1414 2233 1574 2272; x_wconf 75' lang='lat' dir='ltr'>Stigelium.</span> 
     </span>
    </p>
   </div>
   <div class='ocr_carea' id='block_1_40' title="bbox 339 2273 2179 2317">
    <p class='ocr_par' dir='ltr' id='par_1_63' title="bbox 339 2273 2179 2317">
     <span class='ocr_line' id='line_1_80' title="bbox 339 2273 2179 2317; baseline 0.004 -16"><span class='ocrx_word' id='word_1_476' title='bbox 339 2294 345 2301; x_wconf 91' lang='lat'>.</span> <span class='ocrx_word' id='word_1_477' title='bbox 369 2273 516 2302; x_wconf 83' lang='lat' dir='ltr'>Peucerus</span> <span class='ocrx_word' id='word_1_478' title='bbox 538 2274 567 2300; x_wconf 91' lang='lat' dir='ltr'>in</span> <span class='ocrx_word' id='word_1_479' title='bbox 586 2284 631 2310; x_wconf 88' lang='lat' dir='ltr'>ep.</span> <span class='ocrx_word' id='word_1_480' title='bbox 655 2274 691 2301; x_wconf 85' lang='lat' dir='ltr'>ad</span> <span class='ocrx_word' id='word_1_481' title='bbox 716 2273 902 2310; x_wconf 78' lang='lat' dir='ltr'>Buumgartn.</span> <span class='ocrx_word' id='word_1_482' title='bbox 926 2275 961 2302; x_wconf 82' lang='lat' dir='ltr'>dc</span> <span class='ocrx_word' id='word_1_483' title='bbox 986 2275 1185 2303; x_wconf 73' lang='lat' dir='ltr'>Melanthone:</span> <span class='ocrx_word' id='word_1_484' title='bbox 1219 2275 1328 2312; x_wconf 79' lang='lat' dir='ltr'>„Socer</span> <span class='ocrx_word' id='word_1_485' title='bbox 1358 2278 1425 2305; x_wconf 88' lang='lat' dir='ltr'>inde</span> <span class='ocrx_word' id='word_1_486' title='bbox 1456 2288 1546 2315; x_wconf 74' lang='lat' dir='ltr'>nsque</span> <span class='ocrx_word' id='word_1_487' title='bbox 1571 2279 1606 2305; x_wconf 86' lang='lat' dir='ltr'>ab</span> <span class='ocrx_word' id='word_1_488' title='bbox 1629 2279 1814 2314; x_wconf 80' lang='lat' dir='ltr'>aequinoctio</span> <span class='ocrx_word' id='word_1_489' title='bbox 1837 2280 1995 2307; x_wconf 83' lang='lat' dir='ltr'>autumnali</span> <span class='ocrx_word' id='word_1_490' title='bbox 2018 2281 2114 2317; x_wconf 85' lang='lat' dir='ltr'>coepit</span> <span class='ocrx_word' id='word_1_491' title='bbox 2136 2281 2179 2308; x_wconf 88' lang='lat' dir='ltr'>in—</span> 
     </span>
    </p>
   </div>
   <div class='ocr_carea' id='block_1_41' title="bbox 370 2316 2180 2557">
    <p class='ocr_par' dir='ltr' id='par_1_64' title="bbox 403 2316 2180 2438">
     <span class='ocr_line' id='line_1_81' title="bbox 403 2316 2180 2360; baseline 0.005 -17"><span class='ocrx_word' id='word_1_492' title='bbox 403 2317 465 2344; x_wconf 82' lang='lat' dir='ltr'>dies</span> <span class='ocrx_word' id='word_1_493' title='bbox 487 2316 593 2346; x_wconf 66' lang='lat' dir='ltr'>habere</span> <span class='ocrx_word' id='word_1_494' title='bbox 615 2316 749 2344; x_wconf 80' lang='lat' dir='ltr'>deterius.</span> <span class='ocrx_word' id='word_1_495' title='bbox 796 2317 909 2351; x_wconf 77' lang='lat' dir='ltr'>Metuo,</span> <span class='ocrx_word' id='word_1_496' title='bbox 937 2327 973 2344; x_wconf 89' lang='lat' dir='ltr'>ne</span> <span class='ocrx_word' id='word_1_497' title='bbox 1004 2318 1073 2345; x_wconf 83' lang='lat' dir='ltr'>anni</span> <span class='ocrx_word' id='word_1_498' title='bbox 1105 2319 1228 2355; x_wconf 82' lang='lat' dir='ltr'>proximi</span> <span class='ocrx_word' id='word_1_499' title='bbox 1250 2319 1451 2360; x_wconf 42' lang='grc' dir='ltr'>κλιμιακῐήρα,</span> <span class='ocrx_word' id='word_1_500' title='bbox 1482 2331 1565 2357; x_wconf 80' lang='lat' dir='ltr'>quem</span> <span class='ocrx_word' id='word_1_501' title='bbox 1589 2321 1624 2348; x_wconf 79' lang='lat' dir='ltr'>ad</span> <span class='ocrx_word' id='word_1_502' title='bbox 1653 2321 1697 2348; x_wconf 88' lang='grc'>16.</span> <span class='ocrx_word' id='word_1_503' title='bbox 1719 2321 1801 2348; x_wconf 83' lang='lat' dir='ltr'>Febr.</span> <span class='ocrx_word' id='word_1_504' title='bbox 1826 2322 1989 2357; x_wconf 80' lang='lat' dir='ltr'>inchoabit,</span> <span class='ocrx_word' id='word_1_505' title='bbox 2013 2323 2180 2360; x_wconf 78' lang='lat' dir='ltr'>experiatur</span> 
     </span>
     <span class='ocr_line' id='line_1_82' title="bbox 404 2359 2179 2400; baseline 0.005 -14"><span class='ocrx_word' id='word_1_506' title='bbox 404 2359 555 2387; x_wconf 77' lang='lat' dir='ltr'>adversum</span> <span class='ocrx_word' id='word_1_507' title='bbox 583 2362 610 2386; x_wconf 88' lang='lat' dir='ltr'>et</span> <span class='ocrx_word' id='word_1_508' title='bbox 641 2359 797 2386; x_wconf 80' lang='lat' dir='ltr'>difficilem.</span> <span class='ocrx_word' id='word_1_509' title='bbox 849 2359 970 2387; x_wconf 79' lang='lat' dir='ltr'>Videtur</span> <span class='ocrx_word' id='word_1_510' title='bbox 998 2361 1060 2398; x_wconf 79' lang='lat' dir='ltr'>ipse</span> <span class='ocrx_word' id='word_1_511' title='bbox 1089 2361 1142 2389; x_wconf 86' lang='lat' dir='ltr'>sibi</span> <span class='ocrx_word' id='word_1_512' title='bbox 1178 2366 1328 2390; x_wconf 74' lang='lat' dir='ltr'>attenuato</span> <span class='ocrx_word' id='word_1_513' title='bbox 1359 2365 1488 2400; x_wconf 75' lang='lat' dir='ltr'>corporis</span> <span class='ocrx_word' id='word_1_514' title='bbox 1512 2369 1537 2391; x_wconf 81' lang='lat' dir='ltr'>et</span> <span class='ocrx_word' id='word_1_515' title='bbox 1567 2363 1815 2400; x_wconf 80' lang='lat' dir='ltr'>languefactarum</span> <span class='ocrx_word' id='word_1_516' title='bbox 1842 2365 1943 2392; x_wconf 87' lang='lat' dir='ltr'>virium</span> <span class='ocrx_word' id='word_1_517' title='bbox 1970 2374 2056 2393; x_wconf 86' lang='lat' dir='ltr'>sensu</span> <span class='ocrx_word' id='word_1_518' title='bbox 2080 2366 2179 2394; x_wconf 85' lang='lat' dir='ltr'>nescio</span> 
     </span>
     <span class='ocr_line' id='line_1_83' title="bbox 404 2402 773 2438; baseline -0.003 -9"><span class='ocrx_word' id='word_1_519' title='bbox 404 2402 471 2438; x_wconf 90' lang='lat' dir='ltr'>quid</span> <span class='ocrx_word' id='word_1_520' title='bbox 494 2402 603 2429; x_wconf 84' lang='lat' dir='ltr'>sinistri</span> <span class='ocrx_word' id='word_1_521' title='bbox 622 2402 773 2430; x_wconf 82' lang='lat' dir='ltr'>ominari.“</span> 
     </span>
    </p>

    <p class='ocr_par' dir='ltr' id='par_1_65' title="bbox 370 2443 2178 2557">
     <span class='ocr_line' id='line_1_84' title="bbox 370 2443 2178 2485; baseline 0.004 -14"><span class='ocrx_word' id='word_1_522' title='bbox 370 2443 435 2472; x_wconf 89' lang='lat' dir='ltr'>Hoc</span> <span class='ocrx_word' id='word_1_523' title='bbox 463 2453 540 2472; x_wconf 87' lang='lat' dir='ltr'>anno</span> <span class='ocrx_word' id='word_1_524' title='bbox 568 2444 634 2471; x_wconf 84' lang='lat' dir='ltr'>Mel.</span> <span class='ocrx_word' id='word_1_525' title='bbox 665 2444 751 2471; x_wconf 86' lang='lat' dir='ltr'>edidit</span> <span class='ocrx_word' id='word_1_526' title='bbox 782 2445 995 2481; x_wconf 78' lang='lat' dir='ltr'>propositiones</span> <span class='ocrx_word' id='word_1_527' title='bbox 1024 2446 1203 2484; x_wconf 81' lang='lat' dir='ltr'>theologicas</span> <span class='ocrx_word' id='word_1_528' title='bbox 1231 2447 1348 2475; x_wconf 86' lang='lat' dir='ltr'>Lutheri</span> <span class='ocrx_word' id='word_1_529' title='bbox 1379 2459 1442 2476; x_wconf 82' lang='lat' dir='ltr'>cum</span> <span class='ocrx_word' id='word_1_530' title='bbox 1472 2449 1656 2485; x_wconf 57' lang='lat' dir='ltr'>praefatione.</span> <span class='ocrx_word' id='word_1_531' title='bbox 1708 2448 1780 2476; x_wconf 81' lang='lat' dir='ltr'>Item</span> <span class='ocrx_word' id='word_1_532' title='bbox 1807 2449 1925 2477; x_wconf 77' lang='lat' dir='ltr'>Pindari</span> <span class='ocrx_word' id='word_1_533' title='bbox 1951 2451 2079 2478; x_wconf 85' lang='lat' dir='ltr'>earmina</span> <span class='ocrx_word' id='word_1_534' title='bbox 2108 2460 2178 2479; x_wconf 87' lang='lat' dir='ltr'>con-</span> 
     </span>
     <span class='ocr_line' id='line_1_85' title="bbox 404 2486 2178 2530; baseline 0.005 -18"><span class='ocrx_word' id='word_1_535' title='bbox 404 2496 486 2515; x_wconf 72' lang='lat' dir='ltr'>versa</span> <span class='ocrx_word' id='word_1_536' title='bbox 510 2487 540 2514; x_wconf 88' lang='lat' dir='ltr'>in</span> <span class='ocrx_word' id='word_1_537' title='bbox 570 2486 689 2514; x_wconf 84' lang='lat' dir='ltr'>latinum</span> <span class='ocrx_word' id='word_1_538' title='bbox 717 2494 878 2515; x_wconf 71' lang='lat' dir='ltr'>sermonem</span> <span class='ocrx_word' id='word_1_539' title='bbox 907 2497 970 2516; x_wconf 86' lang='lat' dir='ltr'>cum</span> <span class='ocrx_word' id='word_1_540' title='bbox 1001 2489 1118 2525; x_wconf 82' lang='lat' dir='ltr'>praefat.</span> <span class='ocrx_word' id='word_1_541' title='bbox 1147 2489 1183 2516; x_wconf 85' lang='lat' dir='ltr'>ad</span> <span class='ocrx_word' id='word_1_542' title='bbox 1211 2489 1376 2526; x_wconf 82' lang='lat' dir='ltr'>Christoph.</span> <span class='ocrx_word' id='word_1_543' title='bbox 1412 2502 1429 2518; x_wconf 82' lang='lat' dir='ltr'>a</span> <span class='ocrx_word' id='word_1_544' title='bbox 1457 2491 1624 2521; x_wconf 84' lang='lat' dir='ltr'>Carlowitz.</span> <span class='ocrx_word' id='word_1_545' title='bbox 1671 2491 1755 2520; x_wconf 79' lang='lat' dir='ltr'>Item:</span> <span class='ocrx_word' id='word_1_546' title='bbox 1787 2493 1937 2529; x_wconf 86' lang='lat' dir='ltr'>respondit</span> <span class='ocrx_word' id='word_1_547' title='bbox 1966 2494 2002 2521; x_wconf 83' lang='lat' dir='ltr'>ad</span> <span class='ocrx_word' id='word_1_548' title='bbox 2027 2493 2178 2530; x_wconf 84' lang='lat' dir='ltr'>epistolam</span> 
     </span>
     <span class='ocr_line' id='line_1_86' title="bbox 407 2529 645 2557; baseline -0.004 -1"><span class='ocrx_word' id='word_1_549' title='bbox 407 2530 466 2557; x_wconf 79' lang='lat' dir='ltr'>Pici</span> <span class='ocrx_word' id='word_1_550' title='bbox 492 2529 645 2556; x_wconf 77' lang='lat' dir='ltr'>Mirandul.</span> 
     </span>
    </p>
   </div>
  </div>
 </body>
</html>
