2299 2921
125 111 247 143 255.

168 206 234 234 Etsi
258 203 405 243 equestria
428 204 566 242 pericula.
589 203 627 239 V,
651 204 723 233 356.

168 249 234 277 Etsi
256 248 374 276 fratrem
397 257 494 275 meum
517 256 591 276 amo,
622 247 660 281 V,
682 246 753 275 855.

169 291 234 320 Etsi
255 291 387 329 gratulor
405 291 537 319 Maierio.
558 288 616 322 IX,
637 289 706 317 125.

168 334 234 362 Etsi
253 334 404 362 historiam
427 338 586 361 conventus
609 331 747 368 Spirensi.
772 329 811 365 V,
836 329 906 358 337.

167 376 232 405 Etsi
256 378 383 405 hnmana
404 375 540 403 remedia.
564 373 634 408 VH,
661 374 752 401 1164.

167 419 234 448 Etsi
257 421 287 448 in
309 420 364 447 hac
381 423 461 446 tanta
479 417 633 445 moestitia.
657 414 716 449 IX,
740 415 812 444 834.

169 462 234 491 Etsi
255 463 286 491 in
309 461 490 498 inspectione
513 460 549 487 de
567 468 634 496 qua.
659 457 716 493 IX,
740 458 811 488 576.

169 505 236 534 Etsi
257 506 288 533 in
309 509 390 531 tanta
412 503 614 540 Imperiorum.
639 500 693 536 IV,
718 501 789 530 898.

169 547 234 576 Etsi
254 546 478 576 innumerabilia
500 549 617 573 exstant
638 544 679 573 in.
704 543 744 578 II,
768 543 839 572 495.

170 590 234 618 Etsi
252 591 278 619 is
302 599 387 627 quem
410 588 521 616 tamdiu
544 587 691 616 infestum.
716 586 752 621 V,
777 586 848 615 770.

170 633 235 661 Etsi
257 633 379 661 libenter
401 632 439 659 ad
462 641 513 659 vos
536 630 725 659 Medicorum.
751 628 820 664 VII,
845 628 914 657 146.

170 675 235 704 Etsi
257 685 363 713 magna
386 679 428 702 est
448 674 644 710 imperiorum.
670 672 706 707 V,
734 673 803 701 103.
927 679 931 681 “

170 718 236 747 Etsi
258 728 365 755 magno
386 727 451 745 eum
473 716 574 744 dolore
594 716 654 753 legi
676 714 844 744 necessarii.
871 712 941 749 VII,
965 713 1056 742 1043.

169 761 235 790 Etsi
256 770 363 798 magno
382 761 411 788 in
435 759 542 787 dolore.
575 759 629 794 VI,
655 758 727 787 238.

171 804 235 833 Etsi
257 805 353 832 Meliis
378 802 582 831 Athenienses.
607 800 677 835 VII,
703 800 775 829 341.

170 847 236 876 Etsi
259 847 376 875 minime
399 846 535 874 delector.
560 844 597 879 V,
622 844 695 872 410.

170 890 235 919 Etsi
256 889 348 918 multa
366 889 534 917 acciderunt
555 887 611 916 his.
635 886 688 921 VI,
712 886 780 915 149.

170 933 236 962 Etsi
257 933 356 961 multis
379 931 492 968 magnis
515 931 602 959 curis,
632 929 670 964 V,
696 928 767 957 225.

171 976 236 1005 Etsi
258 985 313 1004 nec
336 975 487 1003 Ecclesiae
509 973 576 1007 Dei,
600 982 654 1000 nec
677 971 837 1001 doctrinae.
862 969 916 1006 VI,
941 971 1011 1000 744.

171 1019 236 1047 Etsi
258 1028 318 1047 non
339 1018 402 1046 sine
425 1017 543 1054 gemitu.
570 1015 655 1050 VIII,
680 1015 753 1043 408.

171 1062 236 1091 Etsi
258 1062 387 1090 nondum
416 1059 558 1088 habebam
580 1058 786 1086 narrationem.
812 1056 882 1090 VH,
908 1057 978 1086 506.

171 1104 236 1133 Etsi
258 1113 401 1141 nusquam
430 1112 493 1131 sum
516 1102 664 1130 libentius.
691 1099 772 1134 VIII,
797 1100 870 1129 849.

171 1147 237 1176 Etsi
260 1147 363 1185 pedem
383 1146 492 1174 duriter
514 1145 687 1173 afflixeram.
713 1142 782 1178 ΥΙΙ,
807 1143 880 1172 450.

172 1191 236 1219 Etsi
254 1191 385 1228 privatae
408 1197 572 1217 aerumnae.
598 1187 652 1222 VI,
676 1186 747 1215 569.

172 1233 237 1262 Etsi
260 1233 416 1270 prudentia
438 1231 568 1259 excellis.
592 1230 629 1265 V,
653 1230 726 1258 494.

173 1276 237 1304 Etsi
260 1275 441 1312 publicarum
464 1273 656 1302 miseriarum.
680 1271 734 1306 VI,
759 1271 830 1300 287.

173 1319 237 1347 Etsi
261 1318 389 1355 quotidie
410 1317 503 1354 magis
527 1315 716 1344 contabescit.
742 1313 811 1348 VII,
838 1313 906 1342 188.

173 1362 237 1390 Etsi
259 1361 387 1398 quotidie
410 1365 506 1387 tecum
529 1364 557 1387 et
580 1368 687 1387 coram.
713 1355 782 1391 VII,
806 1355 878 1385 637.

173 1405 240 1433 Etsi
261 1405 322 1433 scio
346 1408 374 1431 te
397 1402 541 1430 Herodoti
559 1406 596 1430 et.
621 1401 658 1435 V,
681 1400 752 1428 683.

173 1446 238 1475 Etsi
262 1456 326 1475 sero
346 1446 478 1474 fortassis
500 1453 614 1473 moneo.
638 1443 694 1478 VI,
717 1442 790 1471 343.

174 1491 238 1518 Etsi
261 1494 289 1518 te
317 1490 376 1517 iam
399 1488 569 1516 arbitrabar.
590 1487 628 1522 V,
650 1486 720 1515 718.

174 1532 239 1561 Etsi
261 1537 289 1561 te
312 1533 370 1560 iam
401 1530 653 1568 exspectabamus,
676 1527 734 1563 IX,
760 1528 828 1557 117.

174 1576 239 1604 Etsi
261 1575 347 1603 valde
371 1575 522 1611 cupiebam
544 1583 590 1601 me
614 1572 748 1601 comitem
772 1570 907 1599 Erasmo.
932 1569 986 1604 VI,
1011 1568 1081 1599 721.

174 1619 240 1647 Etsi
263 1623 345 1646 vetus
369 1622 413 1645 est
435 1617 508 1644 illud
530 1613 639 1645 πολλὰ.
664 1615 701 1651 Υ,
727 1614 799 1642 876.

174 1661 223 1691 Ex
242 1662 340 1690 animo
363 1669 416 1689 oro
435 1657 594 1695 Christum,
613 1664 644 1686 ut
666 1665 704 1687 te.
729 1656 770 1692 II,
795 1657 866 1686 799.

175 1705 224 1733 Ex
247 1705 315 1733 aula
335 1709 436 1733 nostra
457 1703 600 1732 scribitur.
625 1701 679 1737 IV,
704 1701 775 1730 757.

176 1748 222 1776 Ex
245 1748 337 1776 literis
360 1748 417 1775 tuis
438 1747 474 1774 de
496 1747 612 1781 itinere,
635 1745 737 1782 deque.
762 1742 786 1778 Ι,
811 1742 882 1772 685.

123 1824 125 1826 ¹
177 1791 323 1819 Existimo
345 1790 423 1818 idem
446 1790 499 1818 tibi
520 1789 663 1817 accidere.
683 1786 755 1821 VH,
780 1786 852 1815 784.

176 1833 325 1862 Existimo
344 1832 397 1860 tibi
419 1838 490 1860 nota
512 1840 577 1860 esse
600 1831 707 1860 omnia.
732 1829 774 1864 Π,
795 1829 867 1858 589.

177 1876 330 1914 Expatiati
351 1884 449 1903 sumus
471 1875 508 1902 ad
527 1878 726 1911 aegrotantem
749 1872 921 1910 principem.
948 1870 1018 1907 VII,
1042 1871 1112 1901 595.

176 1919 355 1957 Expatiatur
374 1919 449 1946 istuc
472 1917 628 1954 Georgius.
652 1916 706 1950 IV,
732 1916 803 1944 855.

177 1961 378 1999 Expectabam
401 1961 437 1989 de
460 1961 633 1998 Hispanico.
657 1959 682 1994 Ι,
702 1958 773 1987 827.

177 2004 378 2041 Expectabam
400 2004 458 2031 iam
476 2013 494 2031 a
517 2008 544 2031 te
567 2003 675 2032 literas,
700 2001 756 2036 III,
777 2001 847 2030 559.

177 2047 337 2085 Expectari
362 2056 408 2074 me
432 2046 516 2074 avide
538 2055 557 2074 a
577 2050 615 2075 te.
640 2045 677 2080 V,
701 2044 772 2073 376.

178 2089 314 2127 Expecto
338 2090 463 2117 reditum
486 2089 614 2117 doctoris
636 2086 799 2115 Laurentii.
823 2085 909 2121 VHI,
934 2086 1005 2115 633.

178 2132 376 2170 Exploremus
399 2133 487 2171 igitur
510 2132 547 2160 de
565 2130 712 2160 Forstero.
737 2129 807 2165 VII,
832 2130 904 2158 154.

177 2175 313 2204 Fabricio
336 2175 402 2203 misi
425 2174 588 2213 epistolam.
612 2174 682 2208 ΥΠ,
707 2174 777 2202 601.

178 2218 268 2246 Facio
291 2219 432 2255 profecto,
456 2218 496 2246 mi
518 2217 629 2251 Ioach.‚
652 2217 730 2254 quod
750 2215 862 2244 scribis.
887 2213 912 2250 I,
936 2215 1007 2245 737.

177 2260 334 2289 Facundus
358 2269 455 2289 eomes
478 2261 509 2289 in
532 2261 588 2289 via.
613 2260 651 2295 V,
676 2260 747 2289 503.

179 2303 273 2331 Fama
295 2304 404 2332 malum
427 2313 484 2341 quo
506 2312 575 2332 non.
601 2303 654 2337 IV,
679 2304 752 2332 711.

180 2346 374 2375 Faustissimo
397 2347 454 2381 die,
477 2356 536 2384 quo
559 2346 708 2374 memoria.
734 2345 772 2381 V,
796 2345 868 2375 667.

181 2389 281 2422 Feres,
305 2391 344 2418 mi
367 2389 477 2424 Ioach„
500 2394 616 2417 nostras
637 2389 772 2426 ineptias.
798 2387 824 2424 I,
849 2388 919 2417 683.

181 2431 336 2460 Festivitas
366 2433 542 2460 narrationis
564 2437 639 2460 tuae.
663 2432 700 2466 V,
726 2431 797 2461 252.

182 2474 409 2502 Francofordiae
433 2475 463 2502 in
487 2475 634 2503 nondinis.
658 2474 715 2510 ΠΙ,
742 2474 811 2503 162.

181 2517 250 2545 Fuit
272 2518 317 2545 his
341 2518 442 2545 diebus
465 2518 616 2546 nobiscum
637 2517 876 2546 Iurisconsultus.
900 2514 954 2553 VI,
975 2515 1046 2546 220.

183 2558 306 2588 Gaudeo
328 2566 356 2588 te
377 2561 437 2589 filia
455 2566 579 2589 auctum.
602 2559 659 2596 ΙΙΙ,
683 2561 754 2590 764.

773 104 959 139 PHILIPPI
978 101 1299 137 MELANTHONIS
1320 101 1483 136 OPERA.

1132 763 1140 945 i

1204 196 1329 227 Gaudeo
1351 197 1415 233 tibi,
1440 197 1521 227 salva
1541 202 1642 226 matre.
1664 197 1721 233 111,
1745 199 1816 230 388.

1204 240 1307 269 Genus
1329 241 1419 269 officii
1442 241 1528 278 quale
1550 241 1596 269 sit.
1618 239 1675 275 IX,
1702 242 1770 272 109.

1204 282 1339 312 Gratiam
1362 283 1456 312 habeo
1475 283 1536 312 filio
1559 288 1618 314 tuo.
1643 283 1729 320 VIII,
1753 285 1824 315 800.

1203 325 1337 355 Gratiam
1358 326 1411 354 tibi
1433 326 1526 355 habeo
1549 336 1602 364 pro
1626 327 1765 364 epistolis.
1793 328 1847 364 VI,
1871 329 1942 358 658.

1204 367 1339 397 Gratiam
1361 369 1415 397 tibi
1437 369 1542 405 habeo,
1565 370 1644 407 qnod
1666 370 1761 399 toties.
1784 371 1837 408 VI,
1861 372 1933 403 206.

1204 410 1324 440 Gratias
1347 420 1403 448 ago
1430 410 1497 440 Deo
1518 428 1569 442 —.
1593 412 1709 440 Docent
1731 414 1818 442 enim.
1851 415 1889 451 V,
1913 416 1984 445 899.

1205 453 1346 482 Gratulor
1368 455 1421 482 tibi
1444 455 1565 483 filiolam
1588 460 1695 485 natam.
1715 456 1740 492 Ι,
1764 457 1836 488 982.

1204 495 1345 525 Gratulor
1366 497 1419 525 tibi
1440 497 1565 525 reditum
1586 498 1617 526 in
1640 500 1780 536 patriam,
1809 501 1930 530 suaviss.
1952 500 1978 536 Ι,
2002 501 2073 532 722.

1205 538 1331 567 Gratum
1354 545 1397 568 est
1414 540 1495 575 mihi,
1518 541 1595 577 quod
1615 551 1661 569 me
1683 543 1826 573 nonnihil.
1850 543 1907 579 111,
1931 544 2002 574 506.

1203 581 1303 610 Habet
1324 581 1486 620 Imperator
1507 585 1709 613 necessariam.
1733 584 1787 620 VI,
1812 588 1883 617 900.

1203 624 1355 653 Hactenus
1377 630 1578 662 argumentum
1600 627 1754 657 scribendi.
1777 629 1800 664 Ι,
1828 630 1917 659 1059.

1204 667 1289 695 Haec
1308 677 1373 696 cum
1396 668 1562 704 scriberem,
1585 673 1739 708 utrumque
1768 672 1961 702 audieramus.
1990 672 2044 709 VI,
2069 673 2139 702 311.

1204 709 1288 739 Haec
1310 711 1341 739 in
1364 709 1471 739 salinis
1494 712 1607 748 scripsi.
1631 713 1670 747 V,
1695 714 1766 744 910.

1204 752 1338 781 Haerent
1355 753 1402 781 hic
1425 753 1534 782 diutius
1554 756 1701 792 opinione.
1725 757 1782 792 ΙΙΙ,
1807 758 1857 788 52.

1205 795 1294 824 Hanc
1317 795 1469 833 epistolam
1493 805 1557 824 cum
1580 798 1744 828 scriberem.
1770 800 1826 836 ΙΙΙ,
1851 801 1922 830 839.

1205 838 1294 867 Hanc
1317 838 1469 877 epistolam
1493 839 1560 866 dedi
1582 841 1704 871 duobus.
1726 841 1785 878 III,
1809 843 1880 872 630.

1205 881 1293 910 Hanc
1316 881 1469 920 epistolam
1492 882 1561 909 dedi
1581 883 1688 912 iuveni.
1712 884 1753 920 Π,
1777 886 1848 916 721.

1206 924 1294 952 Hanc
1318 924 1471 962 epistolam
1493 925 1560 952 dedi
1582 925 1680 955 Petro.
1703 927 1758 963 IV,
1782 929 1854 958 810.

1206 966 1293 995 Hanc
1316 967 1469 1004 epistolam
1493 967 1560 995 dedi
1582 967 1685 997 Ulrico
1708 970 1831 1008 Silingo.
1855 970 1898 1006 Π,
1921 971 1993 1000 585.

1204 1009 1291 1038 Hanc
1309 1009 1463 1047 epistolam
1484 1010 1552 1038 dedi
1574 1011 1636 1040 viro
1665 1014 1758 1042 nobili
1780 1014 1970 1042 Einsiedelio.
1994 1013 2052 1050 IX,
2072 1013 2141 1044 372.

1204 1053 1291 1081 Hanc
1309 1053 1462 1090 epistola-m
1482 1053 1557 1082 Idib.
1578 1053 1731 1084 Februarii
1753 1058 1827 1087 dedi.
1853 1057 1906 1091 VI,
1931 1056 2003 1087 392.

1205 1095 1292 1124 Hanc
1315 1095 1469 1135 epistolam
1491 1096 1592 1124 reddet
1614 1098 1667 1126 tibi
1685 1100 1867 1130 adolescens.
1893 1099 1932 1136 ΙΙ,
1956 1100 2028 1130 989.

1204 1139 1269 1167 Has
1291 1138 1392 1167 literas
1414 1139 1482 1166 dedi
1505 1139 1628 1168 cuidam.
1652 1140 1678 1176 Ι,
1703 1143 1774 1172 976,

1205 1181 1268 1210 Has
1291 1182 1389 1209 literas
1411 1181 1479 1209 dedi
1500 1182 1642 1211 ministro.
1667 1184 1708 1219 Π,
1732 1186 1803 1215 388,

1204 1224 1270 1252 Has
1291 1225 1390 1253 literas
1412 1224 1481 1251 dedi
1503 1225 1610 1253 nuncio
1632 1227 1712 1255 urbis
1735 1228 1931 1266 Eslingiacae.
1955 1227 1996 1263 11,
2022 1227 2114 1258 1027.

1206 1267 1269 1296 Has
1292 1267 1389 1294 literas
1409 1267 1475 1294 dedi
1497 1265 1632 1296 Sebaldo.
1656 1269 1697 1304 ΙΙ,
1721 1271 1793 1300 596.

1207 1310 1281 1339 Heri
1303 1319 1320 1338 a
1342 1310 1427 1338 nobis
1449 1308 1566 1338 Secerii.
1589 1310 1613 1346 I,
1637 1312 1710 1342 831.

1207 1353 1282 1382 Heri
1305 1354 1406 1391 accepi
1428 1353 1529 1381 literas
1552 1359 1627 1389 tuas,
1650 1355 1681 1383 in
1704 1356 1809 1393 quibus
1831 1356 1978 1384 admones.
2002 1354 2027 1390 Ι,
2053 1355 2144 1386 1007.

1207 1397 1281 1425 Heri
1304 1397 1404 1434 accepi
1431 1396 1532 1424 literas
1560 1403 1626 1425 tuas
1654 1399 1777 1436 scriptas
1803 1398 1876 1426 ΧΠ.
1904 1396 1968 1427 Cal.
2000 1397 2042 1433 II,
2072 1397 2145 1429 702.

1207 1439 1282 1468 Heri
1305 1440 1404 1477 accepi
1425 1445 1490 1468 tuas
1507 1439 1618 1474 literas,
1636 1441 1674 1468 ad
1686 1450 1770 1478 quas,
1782 1442 1920 1478 quoniam
1938 1451 2026 1470 eram.
2038 1439 2080 1478 H,
2095 1440 2145 1472 22.

1207 1482 1282 1511 Heri
1304 1483 1404 1520 accepi
1422 1488 1487 1510 tuas
1509 1483 1551 1511 lit.
1576 1492 1652 1520 quae
1675 1485 1821 1521 quoniam.
1845 1484 1871 1520 Ι,
1894 1485 1965 1514 935.

1207 1525 1282 1554 Heri
1305 1526 1499 1563 asscripturus
1522 1535 1601 1553 eram
1623 1526 1714 1555 literis
1736 1528 1897 1556 historiam.
1922 1526 1975 1562 TV,
2000 1526 2072 1556 886.

1209 1569 1283 1597 Heri
1305 1566 1435 1597 Coi-dato
1459 1568 1622 1605 epistolam.
1644 1569 1670 1604 I,
1694 1571 1765 1600 802.

1207 1611 1284 1640 Heri
1307 1621 1372 1640 cum
1393 1611 1515 1639 rediisse
1537 1611 1563 1639 F
1566 1612 1698 1642 asoltum.
1723 1612 1792 1648 VII,
1816 1613 1889 1642 538.

1208 1655 1284 1683 Heri
1305 1665 1369 1683 cum
1394 1660 1473 1682 tuam
1495 1654 1567 1682 mihi
1596 1655 1747 1692 epistolam
1769 1655 1964 1684 Tabellarius.
1993 1653 2047 1690 VI,
2071 1655 2143 1684 437.

1208 1697 1283 1726 Heri
1306 1698 1373 1726 dedi
1396 1697 1520 1725 cuidam.
1544 1697 1568 1731 Ι,
1592 1698 1664 1728 811.

1209 1741 1284 1770 Heri
1308 1741 1410 1769 eadem
1432 1740 1514 1768 hora.
1537 1739 1575 1775 V,
1600 1741 1671 1770 315.

1209 1784 1284 1813 Heri
1301 1784 1400 1812 literas
1422 1783 1532 1820 accepi,
1551 1787 1582 1810 ut
1602 1783 1650 1811 die
1670 1782 1820 1822 Stephani.
1843 1782 1896 1820 VI,
1917 1784 1987 1812 751.

1209 1827 1285 1855 Heri
1307 1836 1361 1855 nos
1384 1825 1551 1862 Coburgam
1573 1823 1730 1863 Sylvester.
1750 1827 1775 1862 I,
1800 1827 1871 1856 798.

1209 1870 1283 1899 Heri
1306 1871 1430 1907 primum
1453 1869 1554 1906 accepi
1575 1874 1641 1898 tuas
1663 1870 1764 1898 literas
1787 1874 1816 1897 et
1838 1869 1938 1900 altera.
1958 1867 2000 1905 H,
2023 1868 2095 1898 639.

1209 1912 1283 1941 Heri
1305 1914 1439 1950 primum,
1458 1912 1514 1940 hoc
1537 1917 1579 1939 est
1601 1912 1657 1942 die.
1681 1911 1722 1948 Π,
1742 1912 1813 1941 822.

1211 1956 1286 1984 Heri
1309 1956 1388 1993 quod
1410 1955 1495 1983 faust.
1520 1954 1620 1992 felixq.
1646 1956 1693 1988 sit,
1717 1955 1847 1983 exhibita
1875 1960 1925 1983 est.
1958 1953 1999 1990 Π,
2021 1954 2090 1983 140.

1211 1999 1285 2028 Heri
1309 2008 1374 2027 sero
1397 1998 1454 2025 huc
1477 1998 1564 2027 venit.
1589 1998 1614 2032 I,
1641 1999 1732 2027 1005.

1211 2042 1285 2070 Heri
1308 2047 1373 2070 tuas
1396 2041 1494 2068 literas
1513 2041 1664 2078 accepi,in
1683 2041 1788 2079 quibus
1811 2045 1893 2068 erant
1909 2041 1956 2070 ad.
1986 2038 2028 2075 Π,
2051 2039 2121 2068 731.

1213 2084 1286 2113 Heri
1309 2090 1372 2112 tuas
1391 2084 1490 2111 literas
1513 2085 1614 2122 accepi
1632 2084 1734 2121 plenas
1756 2093 1864 2114 rerum.
1882 2083 1924 2118 Π,
1948 2082 2019 2112 529.

1213 2127 1272 2156 Hic
1294 2128 1463 2156 adolescens
1486 2125 1716 2164 christophorus
1738 2136 1757 2155 a
1778 2126 1936 2155 Kunheim.
1958 2124 2021 2165 111,
2053 2123 2144 2154 1102.
2203 2143 2207 2151 ,

1213 2171 1272 2199 Hic
1295 2171 1476 2205 adolescens,
1501 2170 1547 2198 cui
1569 2170 1621 2198 has
1644 2170 1720 2198 dedi.
1742 2169 1782 2205 H,
1807 2169 1878 2199 645.

1214 2213 1274 2242 Hic
1296 2214 1467 2242 adolescens
1490 2212 1617 2241 Michael
1639 2213 1790 2241 Rheticus.
1813 2211 1869 2247 HI,
1893 2212 1964 2241 438.

1214 2256 1272 2285 Hic
1295 2257 1467 2285 adolescens
1490 2256 1654 2293 Philippus.
1676 2256 1714 2290 V,
1739 2255 1788 2284 52.

1213 2299 1271 2328 Hic
1291 2301 1362 2328 civis
1386 2299 1626 2327 Vratislaviensis
1655 2298 1763 2327 Daniel
1786 2296 1944 2334 Schelling.
1976 2295 2043 2332 VII,
2075 2296 2145 2325 647.

1213 2342 1272 2372 Hic
1294 2342 1407 2371 iuvenis
1430 2348 1473 2369 est
1496 2341 1648 2370 Professor
1670 2341 1891 2369 Mathematum.
1914 2340 1971 2378 111,
1993 2340 2065 2369 597.

1211 2385 1271 2414 Hic
1293 2386 1406 2414 iuvenis
1428 2384 1669 2422 Hamburgensis.
1686 2383 1728 2419 H,
1752 2384 1823 2413 663.

1212 2428 1414 2467 Hieronymus
1432 2437 1514 2456 meus
1537 2426 1761 2456 contubernalis.
1780 2426 1817 2461 V,
1841 2427 1891 2456 47.

1212 2472 1312 2500 Hodie
1334 2472 1426 2500 Ducis
1450 2471 1617 2499 Borussiaci
1639 2470 1745 2498 literas.
1764 2468 1849 2504 VIH,
1873 2469 1943 2498 416.

1212 2515 1311 2544 Hodie
1334 2514 1442 2550 Gallis,
1461 2514 1650 2542 auditoribus.
1667 2513 1721 2548 IV,
1741 2513 1813 2542 815.

1214 2558 1311 2587 Hodie
1334 2559 1410 2587 inter
1429 2557 1632 2596 prandendum
1655 2566 1701 2584 ex.
1726 2555 1751 2591 I,
1771 2556 1842 2584 833.
