2299 2921
138 179 201 212 46⁷
594 178 708 211 PfflL.
729 178 835 211 MEL.
859 177 1046 211 SCRIPTA
1067 177 1335 210 DOGMATlCA
1355 177 1412 209 ET
1432 176 1703 209 SYMBOLICA.
2096 178 2162 211 468

139 275 346 309 mendamus.
389 274 478 307 Date
500 272 758 317 Grypsuualdae
778 273 810 305 in
833 273 970 316 Synodo
993 274 1125 316 prouin-
1560 271 1686 304 Rector
1720 271 1923 304 Academiae
1957 269 2161 314 Grypsuual-

141 318 229 358 ciali,
252 319 352 351 Anno
377 317 424 350 M.
437 317 481 349 D.
494 317 534 349 L.
548 318 586 348 11.
609 318 663 349 die
684 317 776 350 XXI.
798 317 952 357 Ianuar-ij.
1561 316 1687 355 densiS,
1711 314 2014 357 Superattendens,
2038 315 2161 347 Docto-

1559 368 1634 398 τος,
1667 359 1828 391 Pastores
1863 364 1896 390 et
1929 358 2073 390 Ministri
2100 356 2161 390 Ec·

348 403 495 435 Vestrae
519 402 736 435 excellentiae
759 401 816 433 ad·
1561 401 1736 435 elesiarum
1793 401 1957 434 citerioris
2006 401 2162 434 Pomera-

345 446 531 479 dictissimi.
1147 474 1155 484 ,
1559 445 1650 487 ΒίαςΙ

295 550 388 575 Nota
407 551 430 573 1.
468 549 509 573 Ex
527 548 744 580 praecedentibus
764 547 862 577 elucet,
888 546 951 571 duas
974 547 1050 571 huius
1075 546 1253 572 Confessionis
1271 548 1373 580 formas
1398 554 1453 571 esse
1479 548 1688 579 distinguendas:
1713 549 1742 580 a)
1765 548 1870 580 primam
1897 549 1952 572 eius
1979 547 2164 573 delineationem

139 585 331 618 (Melanthonis
351 583 562 616 authraphum),
580 583 609 614 b)
630 583 739 606 sormam
760 582 792 605 ah
811 583 867 613 ipso
887 585 993 605 anctore
1012 586 1182 607 retractatum.
1220 582 1361 614 Utramque
1385 583 1496 606 formam
1521 582 1613 607 Codex
1637 584 1709 614 Lips.
1737 583 1862 607 continet.
1897 581 2072 615 Apoyroplmm
2095 583 2164 606 enim

138 627 155 645 a
173 620 259 644 scriba
283 627 315 643 ex
335 618 515 642 Melanthonis
535 616 689 650 autoqrapho
707 618 803 640 factum
823 620 872 645 est3
891 617 1039 640 retractatio
1059 620 1143 640 autem
1161 624 1177 641 a
1195 616 1364 641 Melanthone
1382 624 1460 640 manu
1477 618 1583 649 propria
1600 618 1628 642 in
1647 625 1678 642 eo
1698 620 1738 642 est
1762 617 1900 649 adscripta.
1936 617 2037 640 'sextus
2059 620 2164 640 nostrae

139 655 268 679 Editionis
289 652 399 677 exhibet
411 653 523 684 sormam
541 655 719 681 reiractatam3
740 658 753 674 e
765 651 861 674 criticis
880 651 1092 674 annotationibus
1112 652 1135 675 ei
1155 652 1298 675 subiunctis
1318 652 1485 682 cognoscitur
1498 652 1583 684 prima
1602 652 1741 677 delineatio.
1769 652 1920 683 Ubicunque
1931 651 1999 674 enim
2008 650 2165 674 Melanthon

138 697 219 714 unum
236 688 279 712 vel
298 688 374 720 plura
391 688 473 712 verba
491 687 518 711 in
537 686 588 711 hoe
606 686 706 711 Codice
723 693 801 710 manu
820 685 927 717 propria
946 690 990 708 aut
1008 685 1111 710 addidit
1128 686 1200 710 nullo
1219 690 1305 709 textus
1325 686 1404 710 verbo
1425 686 1525 716 deleto,
1544 692 1588 710 aut
1605 687 1665 711 loco
1684 687 1793 711 aliorum
1812 686 1952 710 verborum
1977 686 2009 709 ab
2035 686 2093 716 ipso
2119 685 2163 708 de-

137 725 249 748 letorum
268 722 424 754 adscripsit,
444 722 472 745 in
490 721 702 745 annotationibus
721 720 774 744 hoe
792 727 843 743 una
863 727 919 743 curn
938 720 1023 744 verbis
1043 720 1134 745 deletis
1153 721 1310 750 memoravi,
1329 728 1361 744 ex
1380 720 1472 752 quibus
1491 721 1573 745 lector
1596 721 1726 752 intelligat
1744 728 1798 745 non
1816 721 1914 751 solum,
1939 726 2067 751 quaenam
2084 719 2165 744 verba

137 759 166 783 in
184 757 337 790 apographo
358 757 410 780 sint
429 757 542 786 omissa,
562 756 609 780 sed
629 757 719 785 etiam,
739 761 867 787 quaenam
885 755 966 778 verba
983 756 1128 787 apographi
1147 762 1162 779 a
1180 755 1351 779 Melanthone
1369 756 1395 779 in
1420 756 1606 779 retractatione
1634 756 1721 779 deleta
1740 756 1804 785 sint;
1828 755 1894 779 haec
1919 755 1998 778 verba
2023 754 2110 778 deleta
2131 753 2164 778 ab

141 794 197 824 ipso
216 791 391 816 Melanthone
410 792 437 815 in
456 790 618 823 autographo
637 791 654 815 i.
676 798 698 815 e,
716 791 800 822 prima
819 789 994 813 delineatione
1020 794 1094 814 erant
1119 794 1225 814 exarata
1245 793 1270 814 et
1288 797 1304 814 a
1322 789 1407 814 scriba
1431 790 1458 814 in
1482 789 1634 822 apographo
1658 791 1834 821 transscripta.
1852 803 1885 808 —
1904 789 1994 814 Altera
2016 788 2164 814 retractatio

137 828 252 853 auctoris
271 827 298 850 in
319 827 372 850 eius
392 826 438 849 lat.
458 825 575 857 Corpore
594 825 729 849 doctrinae
749 823 902 848 christianae
926 824 1039 848 inveniri
1063 825 1179 854 videtum
1200 825 1358 849 mutationes
1383 825 1451 848 enim
1474 829 1501 848 et
1522 825 1700 849 additamenta
1723 824 1875 856 quibusdam
1901 824 1965 848 locis
1989 825 2016 848 in
2039 830 2071 847 eo
2095 823 2165 847 facta

138 862 222 893 (conf.
242 868 322 892 supra
341 867 365 885 e.
386 868 407 885 c.
428 868 453 892 p.
473 860 532 885 379.
552 864 616 884 nota
635 860 687 890 65„
705 867 731 891 p.
750 859 811 883 385.
829 863 893 882 nota
912 858 953 883 13.
974 859 1027 889 15„
1046 867 1072 891 p.
1093 860 1152 884 387.
1172 863 1235 884 nota
1253 859 1305 889 31„
1324 868 1348 891 p.
1368 859 1428 884 391.
1448 863 1510 883 uota
1529 859 1581 890 77„
1600 867 1625 890 p.
1646 859 1705 883 397.
1724 862 1786 882 nota
1800 858 1857 891 38.)
1877 859 1956 890 ipsius
1975 858 2089 882 auctoris
2108 864 2165 882 esse

137 896 365 921 verosimillimum
384 898 431 920 est.

294 942 384 967 Nota
402 944 426 967 2.
463 941 591 973 Persaepe
610 941 745 971 annotavi,
764 941 836 965 locos
854 940 1006 972 Scripturae
1025 947 1128 971 sacrae,
1151 948 1260 973 quorum
1279 940 1361 965 verba
1378 941 1405 964 in
1424 943 1497 964 textu
1514 940 1599 964 relata
1617 943 1689 969 sunt,
1709 940 1737 964 in
1755 940 1873 970 margine
1893 937 2020 963 Edicit-mia
2037 939 2062 963 4.
2085 945 2160 963 aceu-

137 978 218 1002 ratius
235 977 356 1002 indicari.
391 977 476 1001 Iidem
493 976 550 1000 fere
568 977 634 1007 loci,
654 983 720 1007 quos
738 976 802 1000 haec
820 975 870 998 Ed.
889 975 962 1006 Lips.
982 982 1006 1000 a.
1027 975 1103 1000 1553.
1123 976 1149 999 in
1168 982 1251 1006 marg.
1271 974 1361 1005 habet,
1385 975 1461 999 etiam
1487 976 1514 999 in
1538 975 1620 999 altera
1644 973 1693 999 Ed.
1718 974 1789 1006 Lips.
1814 981 1838 998 a.
1866 973 1959 1003 1554„
1983 980 2049 1005 quae
2074 979 2106 996 ex
2132 979 2165 997 ea.

136 1019 229 1037 recusa
247 1016 301 1043 est,
321 1015 346 1035 et
364 1012 391 1036 in
410 1010 459 1035 Ed.
480 1012 519 1041 2.‚
539 1018 605 1043 quae
623 1018 647 1035 a.
667 1010 744 1035 1552.
763 1011 819 1034 sine
837 1010 889 1034 loci
907 1009 1006 1034 indicio
1026 1010 1136 1042 prodiit,
1155 1010 1182 1034 in
1200 1010 1319 1041 margine
1337 1010 1494 1034 indicantur.

293 1059 380 1083 Nota
398 1058 422 1083 3.
459 1058 501 1082 Ex
520 1058 732 1082 annotationibus
751 1058 846 1081 criticis
870 1057 1038 1088 intelligitur,
1065 1057 1092 1081 in
1119 1056 1237 1082 Editione
1256 1058 1295 1087 5.,
1320 1057 1374 1082 scil.
1398 1056 1449 1081 Ed.
1475 1056 1706 1087 Wittembergensi
1732 1063 1755 1080 a.
1782 1055 1874 1087 1559.,
1899 1056 2026 1080 maiorem
2050 1054 2165 1079 inveniri

139 1100 275 1118 numerum
300 1100 418 1117 errorum
436 1093 682 1125 typographicorum
706 1091 829 1123 (quorum
852 1091 992 1116 nonnullos
1019 1092 1128 1117 consilio
1146 1092 1336 1124 praetermisi),
1361 1099 1437 1123 quam
1456 1092 1483 1115 in
1502 1091 1554 1116 ulla
1572 1091 1624 1116 laia
1640 1090 1766 1115 Editione
1785 1097 1801 1115 a
1817 1097 1858 1115 me
1883 1089 1985 1115 collata.
2023 1087 2107 1118 Quam
2130 1088 2164 1112 ob

140 1135 246 1153 eausam
265 1127 372 1159 dubito,
393 1135 426 1152 an
445 1129 501 1159 ipse
519 1127 671 1152 Melanthon
688 1126 756 1152 hane
776 1127 913 1152 curaverit.
