2299 2921
125 123 171 155 51

133 2359 190 2387 Iul.

250 2316 301 2345 28.

297 2382 304 2388 ,
325 2356 493 2386 Camerario
516 2358 635 2392 suadet,
660 2363 689 2386 ut
711 2368 741 2385 se
764 2359 893 2386 conferat
915 2357 1089 2394 Tubingam.

251 2445 299 2472 18.

252 2529 300 2557 21.

252 2571 301 2600 29.

776 122 962 155 PHlLlPPI
990 122 1306 155 MELANTHONIS
1334 120 1493 153 OPERA.
1800 147 1804 151 .
2092 126 2136 157 52

358 229 426 249 raro
449 220 582 248 homines
606 219 784 256 peregrinos,
807 227 880 255 quos
903 217 948 245 vel
971 217 1061 245 semel
1082 217 1212 252 viderat,
1234 217 1264 244 in
1287 218 1418 245 intimam
1440 218 1536 246 statim
1559 219 1706 256 recepisse
1729 219 1970 254 familiaritatem,
2001 230 2051 248 eos
2073 221 2137 249 ubi-

361 273 417 300 que
435 263 661 296 commendasse,
683 262 777 298 iisque
800 265 827 288 et
850 270 948 288 eorum
971 259 1088 287 familiis
1109 260 1189 288 omni
1211 261 1296 288 modo
1319 260 1496 295 subvenisse,
1520 266 1551 288 ut
1571 261 1736 299 Dryandro,
1754 262 1916 300 Langueto,
1940 263 1982 292 Io.
1997 262 2136 299 aLasko,

359 305 600 342 Hardenbergio‚
623 300 784 341 Langaeis,
809 301 976 330 Cranmero.
1021 301 1132 330 Nescio
1162 312 1199 329 an
1230 303 1371 330 eiusmodi
1394 303 1573 332 familiaritas
1596 305 1681 332 unice
1705 311 1807 333 exorta
1829 306 1866 333 sit
1890 306 1934 333 vel
1963 314 2001 333 ex
2024 306 2137 334 virtuti-

361 349 414 376 bus
437 348 539 375 horum
562 347 709 374 hominum
734 346 780 373 vel
803 355 839 372 ex
858 345 935 372 fama
958 349 986 371 et
1010 344 1141 372 doctrina
1163 345 1367 375 Melanthonis.

404 390 528 425 Quidam
552 389 798 418 cementariorum
821 387 914 415 nostri
935 387 999 414 aevi
1021 387 1160 424 scriptum
1179 387 1251 416 illud
1273 387 1447 416 Coloniense
1471 394 1627 426 propterea
1655 394 1806 427 suspectae
1831 390 1899 418 fidei
1928 400 1991 419 esse
2018 396 2136 419 conten-

358 434 472 467 derunt,
493 433 570 469 quod
594 431 715 464 mansio,
740 439 814 467 quae
837 430 963 457 Eboraci
987 428 1100 466 (York)
1122 430 1185 465 fuit,
1208 440 1267 459 non
1291 436 1542 467 commemoratur,
1565 442 1652 469 quum
1675 433 1742 460 libri
1764 431 2014 462 Cementariorum
2036 443 2137 462 recen-

360 477 448 503 tiores
477 475 637 507 affirment,
666 474 847 500 mansionem
875 472 1089 500 Ebot-accusem
1119 482 1181 501 esse
1210 474 1440 511 antiquissimam
1470 480 1496 501 et
1524 478 1642 503 matrem
1680 476 1807 503 omnium
1837 476 1967 505 aliarum.
2014 478 2053 504 At
2080 477 2136 505 hoc

359 519 444 546 fidem
467 518 567 554 scripti
589 516 668 544 illius
690 516 788 552 potius
811 520 974 552 propugnat
995 525 1082 552 quam
1104 515 1245 553 infringit.
1291 515 1325 545 Si
1346 518 1421 545 enim
1444 517 1542 545 fictum
1566 522 1641 546 esset
1663 518 1699 545 ab
1722 519 1877 555 impostore
1897 519 1987 547 seculi
2009 519 2136 555 XVIII„

359 561 407 587 ille
429 560 506 587 haud
529 559 614 587 dubie
637 559 816 586 mansionem
836 558 1062 592 Eboracensem,
1085 559 1193 595 quippe
1216 560 1456 595 antiquissimam,
1480 561 1565 587 etiam
1587 562 1803 597 adscripsisset,
1834 561 1879 588 vel
1909 562 1982 589 adeo
2011 571 2136 589 conven—

360 608 418 630 tum
442 612 501 631 non
531 601 673 630 Coloniae
703 601 753 628 sed
782 601 909 628 Eboraci
938 601 1068 628 habitum
1099 609 1163 628 esse
1191 602 1340 635 finxisset,
1370 608 1400 630 ut
1428 613 1542 631 omnem
1570 604 1713 631 mendacii
1743 604 1936 640 suspicionem
1965 608 2137 632 removeret.

359 645 455 680 Quum
480 653 575 673 autem
599 644 763 672 Eboracum
786 643 873 681 plane
893 652 952 671 non
972 649 1222 678 commemoretur,
1243 645 1397 673 verisimile
1416 646 1457 680 fit,
1475 652 1622 674 auctorem
1641 647 1741 684 scripti
1759 647 1948 674 recentiorem
1968 647 2136 684 opinionem

359 688 394 715 de
418 688 589 725 antiquitate
613 687 773 714 mansionis
796 685 992 714 Eboraceusis
1014 695 1072 713 non
1097 687 1279 722 cognovisse.

401 729 536 767 Denique
559 736 669 764 autem,
693 739 730 756 ne
752 729 821 766 quid
843 734 940 766 tegere
964 728 1038 756 velle
1061 729 1171 763 videar,
1195 729 1272 766 quod
1294 730 1463 765 invenerim,
1487 731 1638 759 dicendum
1657 732 1727 759 mihi
1747 737 1789 759 est
1808 733 1842 760 de
1855 732 1956 759 itinere
1974 732 2136 768 legatorum

357 775 597 809 Augustanorum
620 779 720 800 mense
744 772 827 799 Iunio
851 777 878 798 et
902 772 975 799 Iulio
999 771 1084 799 huius
1107 772 1182 799 anni.
1227 772 1287 800 Res
1309 773 1350 800 ita
1373 782 1404 801 se
1426 774 1521 801 habet.
1563 772 1688 802 Senatus
1711 777 1900 812 Augustanus
1922 774 2036 812 legatos
2059 784 2136 803 anno

362 817 452 843 1535.
471 816 548 844 misit
572 816 768 852 Vitebergam,
790 813 999 852 Geryonem
1022 812 1218 851 Scylerum
1241 820 1267 842 et
1291 813 1398 853 Casp.
1423 816 1621 851 Huberum,
1650 822 1681 844 ut
1703 826 1767 844 cum
1798 817 1925 845 Luthero
1953 823 2071 855 agerent
2100 818 2137 846 de

358 858 457 886 litibus
480 860 515 887 de
538 868 620 886 sacra
643 867 743 890 coena,
767 858 920 894 Augustae
943 857 1030 891 ortis,
1055 857 1232 887 dirimendis.
1280 857 1413 895 Digressi
1443 864 1509 887 sunt
1533 861 1667 896 Augusta
1690 859 1907 887 Vindelicorum
1931 861 1957 888 d.
1984 861 2030 887 21.
2059 860 2136 889 Iunii

361 902 457 936 1535,
489 907 516 929 et
541 902 662 937 primum
695 901 804 937 aliquot
833 901 895 927 dies
926 900 1096 928 commorati
1123 906 1189 928 sunt
1218 900 1436 939 Norinbergae,
1462 902 1509 929 ubi
1538 912 1590 939 per
1618 901 1765 930 wencesl.
1794 901 1949 930 Liuckium
1978 902 2136 931 Lutherum

358 944 509 972 certiorem
532 944 659 972 fecerunt
689 944 724 971 de
753 952 806 970 suo
835 943 961 970 adventu
987 948 1015 970 et
1045 943 1176 971 consilio.
1222 943 1283 980 Ipsi
1311 944 1415 972 deinde
1446 945 1592 981 progressi
1621 950 1761 972 venerunt
1793 945 1979 982 Vitebergam
2008 951 2136 982 tempore

357 988 533 1024 vespertino,
557 987 712 1023 statimque
735 987 869 1013 adierunt
892 986 1118 1020 Melanthonem,
1143 987 1192 1023 qui
1211 996 1261 1014 eos
1284 992 1401 1023 postero
1424 988 1470 1016 die
1494 997 1578 1015 mane.
1600 988 1683 1015 duxit
1707 988 1744 1015 ad
1769 987 1937 1016 Lutherum.
1984 987 2058 1016 Cum
2080 997 2137 1025 quo

356 1029 445 1066 legati
467 1036 621 1067 postquam
644 1029 804 1066 colloquuti
824 1028 948 1063 fuerant,
970 1028 1094 1066 profecti
1112 1034 1179 1056 sunt
1207 1028 1413 1067 Luneburgum
1441 1031 1478 1058 ad
1503 1031 1698 1058 Ernestum
1721 1029 1850 1065 Ducem,
1880 1040 1966 1068 quem
1991 1036 2138 1068 rogarent,

356 1077 387 1100 ut
409 1072 560 1101 Urbanum
584 1073 724 1111 Regium,
748 1072 918 1109 theologum
939 1081 1038 1107 suum,
1062 1073 1226 1108 Augustam
1246 1082 1310 1100 cum
1331 1073 1404 1110 ipsis
1434 1074 1513 1101 abire
1541 1077 1698 1110 pateretur.
1745 1072 1803 1102 Sed
1831 1083 1864 1101 re
1893 1074 2015 1108 infecta,
2046 1083 2137 1111 quan—

357 1125 443 1152 quam
465 1117 529 1153 ipse
551 1115 698 1144 Lutherus
721 1116 758 1142 ad
782 1114 894 1142 Ducem
918 1115 1090 1151 scripserat,
1112 1115 1262 1142 redierunt
1294 1115 1494 1153 Vitebergam,
1528 1117 1576 1144 ubi
1598 1116 1634 1143 iis
1657 1126 1675 1143 a
1696 1115 1825 1144 Luthero
1853 1117 2069 1144 commendatus
2093 1121 2138 1145 est

356 1157 482 1186 Ioannes
506 1158 718 1193 Forsterus,
746 1158 899 1186 Diaconus
923 1157 1147 1194 Vitebergensis.
1193 1156 1313 1186 Litteris
1337 1160 1374 1187 ad
1403 1158 1544 1187 Senatum
1577 1164 1605 1186 et
1635 1159 1803 1196 Theologos
1827 1160 2015 1196 Augustanos
2038 1169 2055 1186 a
2077 1159 2137 1188 Lu-

356 1201 456 1233 thero,
479 1201 667 1229 Melanthone
690 1208 718 1229 et
741 1201 814 1228 Iona
836 1202 861 1228 d.
883 1201 911 1228 d.
935 1202 981 1229 19.
1005 1204 1033 1227 et
1058 1200 1106 1228 20.
1129 1200 1198 1227 Iulii
1222 1201 1363 1238 acceptis,
1394 1203 1559 1238 Augustam
1586 1202 1747 1236 redierunt,
1777 1211 1834 1238 quo
1866 1203 1951 1230 etiam
1981 1202 2135 1230 Forstcrus

356 1253 387 1271 se
410 1244 541 1278 contulit,
566 1245 615 1281 qui
638 1250 735 1272 tamen
755 1244 796 1272 ibi
819 1254 877 1272 non
903 1243 1078 1270 concordiae
1101 1243 1224 1277 studuit,
1249 1244 1299 1271 sed
1322 1254 1391 1272 mox
1416 1245 1555 1272 excitavit
1578 1250 1658 1271 tanta
1678 1245 1807 1277 dissidia,
1831 1249 1861 1272 ut
1881 1245 2064 1272 ann01538.
2082 1246 2134 1273 ite-

355 1296 418 1314 rum
442 1296 460 1314 a
482 1286 590 1316 Senatu
611 1288 813 1315 dimitteretur.
838 1304 877 1307 —-
900 1285 1020 1322 Duplex
1041 1287 1170 1313 narratio
1194 1286 1282 1313 totius
1308 1288 1418 1323 negotii
1444 1287 1573 1315 nondum
1599 1287 1691 1320 edita,
1722 1287 1772 1314 sed
1804 1287 1927 1324 scripta,
1956 1287 2076 1315 habetur
2105 1288 2135 1315 in

355 1327 429 1357 Cod.
454 1328 544 1358 Goth.
569 1331 603 1358 9]
630 1331 659 1358 in
683 1330 769 1364 folio,
792 1329 884 1357 altera
906 1338 923 1356 a
946 1327 1056 1357 Senatu
1080 1330 1255 1365 Augustano
1279 1329 1323 1356 vel
1347 1339 1364 1356 a
1391 1329 1655 1358 Concionatoribus
1678 1329 1873 1367 Augustanis,
1897 1330 1989 1357 altera
2017 1339 2035 1357 a
2063 1329 2136 1358 For—

355 1378 432 1400 stero
453 1373 518 1409 ipso
541 1374 571 1400 in
594 1374 639 1401 sui
661 1373 858 1401 defensionem
879 1372 987 1408 scripta
1009 1380 1087 1399 anno
1113 1372 1203 1399 1539.
1247 1370 1281 1398 In
1312 1372 1402 1409 priori
1430 1373 1613 1407 narratione,
1642 1380 1716 1409 quae
1743 1373 1851 1410 ubique
1880 1373 1936 1400 fide
1967 1372 2137 1409 dignissima

357 1424 420 1443 esse
442 1416 564 1450 videtur,
584 1426 643 1444 nou
666 1416 780 1450 dicitur,
802 1425 859 1452 quo
883 1415 929 1442 die
951 1413 1041 1451 legati
1069 1414 1257 1451 Vitebergam
1280 1415 1428 1450 venerint,
1451 1415 1611 1443 Lutherum
1631 1415 1755 1443 adierint
1779 1420 1806 1442 et
1828 1414 2034 1452 Luneburgum
2059 1416 2138 1444 abie-

354 1458 427 1492 rint;
449 1459 480 1486 in
503 1459 593 1486 altera
613 1464 718 1493 autem,
742 1457 880 1493 Forsteri,
903 1458 1070 1485 narratione
1094 1457 1183 1494 legati
1205 1458 1340 1485 dicuntur
1367 1459 1394 1486 d.
1422 1460 1447 1486 1.
1470 1457 1538 1486 Iulii
1568 1458 1755 1495 Vitebergam
1779 1458 1895 1486 venisse
1918 1463 1946 1486 et
1974 1458 2135 1487 Melantho-

354 1510 421 1528 nem
441 1502 557 1529 adiisse.
603 1502 701 1530 Dubio
723 1506 818 1530 autem
842 1502 892 1529 vix
915 1505 1009 1535 caret,
1039 1499 1207 1528 Forsterum
1237 1500 1311 1528 haec
1339 1510 1377 1529 ex
1403 1502 1542 1530 memoria
1572 1501 1725 1538 scripsisse
1755 1506 1783 1529 et
1808 1510 1934 1535 errasse,
1964 1501 2042 1537 quod
2070 1506 2136 1538 post

355 1549 478 1581 quatuor
501 1554 593 1573 annos
614 1544 699 1572 facile
721 1545 785 1572 fieri
807 1545 912 1582 potuit.
956 1543 1088 1571 Primum
1110 1544 1197 1578 enim,
1219 1552 1306 1579 quum
1334 1543 1422 1581 legati
1449 1545 1634 1572 advenissent
1661 1544 1696 1571 de
1727 1543 1864 1572 Forstero
1893 1544 2034 1571 mittendo
2063 1553 2136 1571 non-

355 1587 423 1614 dum
446 1588 604 1625 cogitatum
626 1593 683 1622 est,
708 1588 759 1615 sed
780 1593 896 1625 postea,
921 1596 1008 1623 quum
1033 1585 1170 1614 Urbanus
1195 1586 1305 1623 Regius
1333 1587 1437 1624 legatis
1464 1588 1624 1624 denegatus
1653 1587 1755 1614 fuerat.
1801 1586 1894 1614 Porro
1922 1585 2078 1614 Forsterus
2108 1591 2136 1613 et

357 1630 387 1658 in
410 1630 476 1658 aliis
495 1631 634 1658 memoria
657 1631 741 1658 valde
763 1631 864 1668 lapsus
888 1635 940 1664 est,
965 1635 992 1657 et
1017 1630 1141 1666 scripsit,
1164 1628 1316 1666 Seylerum
1339 1639 1404 1658 cum
1427 1630 1491 1667 ipso
1515 1631 1608 1666 egisse
1630 1630 1656 1656 d.
1681 1628 1728 1656 22.
1754 1628 1846 1661 Iunii,
1877 1638 1963 1665 quum
1987 1634 2083 1656 tamen
2105 1629 2136 1657 id

358 1682 417 1700 non
446 1674 502 1702 nisi
525 1674 552 1701 d.
583 1673 630 1701 27.
662 1673 708 1701 vel
733 1674 783 1701 30.
805 1673 872 1701 Iulii
891 1674 954 1700 fieri
982 1673 1116 1709 potuerit.
1164 1672 1308 1700 Videntur
1334 1673 1432 1710 potius
1463 1673 1551 1709 legati
1579 1672 1606 1699 d.
1639 1673 1666 1700 9.
1698 1671 1743 1699 vel
1776 1673 1823 1699 10.
1852 1671 1921 1699 Iulii
1948 1671 2135 1708 Vitebergam

359 1716 480 1744 venisse.
527 1715 645 1744 Certum
668 1721 720 1750 est,
742 1726 791 1744 eos
813 1718 978 1753 Augustam
1001 1715 1154 1752 reliquisse
1177 1716 1205 1743 d.
1231 1717 1279 1744 21.
1301 1714 1386 1743 Iunii.
1432 1715 1523 1743 Nullo
1547 1715 1634 1751 igitur
1657 1715 1743 1742 modo
1767 1719 1834 1741 ante
1857 1715 1884 1741 d.
1910 1714 1959 1742 -23,
1983 1714 2048 1743 Iun.
2071 1713 2134 1743 No-

358 1759 522 1796 rinbergam
547 1760 645 1786 venire
668 1764 832 1796 potuerunt.
868 1758 986 1786 Certum
1011 1763 1062 1792 est,
1085 1758 1152 1786 illos
1175 1758 1376 1795 Norinbergae
1398 1758 1507 1794 aliquot
1531 1758 1592 1785 dies
1611 1757 1794 1791 consedisse,
1816 1757 1884 1793 quia
1905 1767 1958 1794 per
1977 1756 2134 1785 Liuckium

358 1800 481 1828 Lutheri
504 1803 643 1836 animum,
666 1803 746 1838 prius
771 1812 855 1839 quam
878 1802 1058 1835 advenirent,
1081 1801 1239 1838 propitium
1263 1801 1317 1829 sibi
1338 1801 1433 1828 facere
1457 1801 1600 1828 volebant.
1647 1800 1720 1828 Tres
1738 1801 1826 1837 igitur
1854 1800 1915 1827 dies
1942 1800 2019 1827 haud
2047 1800 2135 1828 dubie

360 1844 565 1878 substiterunt,
597 1845 639 1871 vel
669 1845 754 1872 etiam
785 1850 916 1882 quatuor.
962 1844 1105 1872 Abierant
1128 1845 1216 1881 igitur
1239 1844 1266 1871 d.
1292 1843 1341 1871 26.
1367 1843 1410 1871 vel
1436 1845 1484 1871 27.
1509 1844 1594 1872 Iunii.
1641 1843 1736 1878 Quum
1761 1847 1857 1870 autem
1884 1842 2072 1880 Norinberga
2094 1843 2137 1870 di—

358 1887 452 1923 gressi
474 1896 533 1915 non
557 1895 623 1914 aute
646 1888 775 1923 quintum
801 1888 846 1914 vel
869 1888 943 1914 adeo
967 1894 1082 1914 sextum
1105 1887 1180 1914 diem
1203 1886 1387 1923 Vitebergam
1409 1887 1506 1913 venire
1528 1887 1683 1923 potuerint,
1706 1886 1889 1913 statuendum
1913 1890 1971 1919 est,
1999 1895 2047 1914 eos
2068 1890 2137 1913 ante

359 1930 386 1957 d.
411 1929 437 1957 2.
457 1930 501 1957 vel
526 1931 552 1957 3.
574 1930 640 1957 Iulii
663 1930 837 1967 Vitebergae
861 1939 923 1957 esse
947 1939 1005 1957 non
1030 1930 1168 1966 potuisse.
1216 1929 1380 1957 Verisimile
1406 1934 1502 1956 autem
1527 1934 1585 1962 est,
1609 1938 1658 1956 eos
1682 1929 1796 1956 demum
1821 1929 1847 1956 d.
1875 1930 1902 1957 9
1927 1928 1994 1955 Iulii
2021 1937 2137 1965 vesper-

360 1973 420 2000 tino
445 1978 572 2010 tempore
596 1973 757 2006 advenisse,
782 1983 868 2009 quum
894 1982 988 2009 neque
1014 1971 1159 2000 Lutherus
1186 1972 1216 1999 in
1245 1982 1287 2008 ep.
1319 1972 1354 1999 ad
1384 1972 1551 2009 Principem
1579 1972 1743 1999 Electorem
1774 1972 1801 1999 d.
1825 1972 1852 1999 d.
1878 1972 1905 1999 9.
1932 1971 2014 2006 Iulii,
2042 1980 2138 2008 neque

360 2015 530 2043 Melanthon
553 2017 582 2043 in
606 2025 650 2052 ep.
675 2016 711 2042 ad
735 2014 886 2043 Camerar.
910 2016 935 2043 d.
961 2017 990 2043 7.
1015 2015 1081 2042 lulii
1104 2015 1193 2042 ullam
1211 2015 1296 2042 huius
1318 2015 1473 2051 legationis
1496 2015 1672 2042 mentionem
1696 2014 1824 2041 fecerint.
1870 2014 1930 2042 Res
1952 2014 2074 2042 sortasse
2099 2014 2136 2041 ad

360 2058 501 2094 liquidum
529 2058 649 2095 perduci
677 2064 792 2095 posset,
815 2059 840 2086 si
866 2059 961 2086 adhuc
986 2063 1131 2094 superstes
1161 2063 1238 2086 esset
1266 2057 1389 2094 epistola
1416 2057 1537 2085 Lutheri
1569 2058 1605 2085 ad
1634 2057 1789 2084 Ernestum
1820 2057 1931 2084 Ducem
1955 2056 2136 2093 Luneburg.,

361 2110 447 2137 quam
470 2101 572 2137 legatis
592 2102 771 2138 Augustanis
794 2102 881 2128 dedit.
927 2101 1085 2128 Redierunt
1108 2101 1195 2138 legati
1225 2100 1260 2128 ab
1288 2100 1412 2128 Ernesto
1443 2100 1525 2127 Duce
1554 2101 1612 2127 fere
1640 2101 1668 2128 d.
1701 2101 1748 2127 19.
1776 2099 1844 2133 lut,
1876 2109 1967 2136 *quum
1995 2099 2136 2136 epistolae

360 2143 481 2171 Lutheri
505 2151 530 2171 et
553 2144 637 2178 Met,
661 2144 764 2181 legatis
787 2144 925 2178 traditae,
948 2145 1072 2181 scriptae
1094 2144 1150 2172 sint
1172 2144 1198 2171 «i.
1225 2144 1273 2171 20.
1299 2148 1325 2170 et
1352 2144 1399 2170 21.
1426 2143 1500 2170 Iulii.
1540 2145 1579 2170 At
1599 2148 1696 2170 tamen
1716 2143 1739 2169 si
1764 2142 1807 2169 vel
1832 2142 1917 2169 fidem
1940 2141 2046 2169 habeas
2069 2150 2135 2168 nar-

361 2187 468 2214 rationi
491 2186 620 2214 Forsteri
642 2192 669 2214 et
692 2192 786 2224 putes,
808 2188 921 2223 legatos
945 2187 970 2214 d.
998 2189 1022 2214 1.
1047 2186 1113 2214 Iulii
1135 2187 1300 2223 vespertino
1329 2191 1458 2223 tempore
1488 2186 1673 2222 Vitebergam
1698 2185 1812 2212 venisse
1834 2190 1919 2221 atque
1948 2184 2044 2212 statim
2074 2184 2136 2211 Me-

359 2229 527 2257 lanthonem
551 2230 668 2264 adiisse,
687 2234 783 2257 tamen
806 2229 992 2263 Melanthon,
1014 2230 1038 2256 si
1061 2230 1157 2257 statim
1181 2234 1246 2267 post
1270 2236 1442 2257 conventum
1465 2228 1535 2256 abiit
1559 2227 1698 2260 Colonia,
1718 2236 1809 2264 usque
1831 2228 1867 2254 ad
1891 2228 1918 2254 d.
1946 2229 1971 2254 1.
1997 2226 2061 2254 Iulii
2084 2226 2136 2254 do-

360 2282 438 2300 mum
457 2273 551 2299 redire
574 2274 677 2309 potuit.

325 2315 534 2343 Monasterium
557 2316 587 2342 in
611 2315 766 2343 WVestfalia
790 2320 981 2352 expugnatur.

324 2401 364 2428 D.
385 2402 412 2429 9.
438 2401 483 2428 vel
507 2402 555 2429 10.
577 2401 644 2429 Iulii
667 2401 756 2438 legati
778 2400 943 2438 Augustani
965 2404 1033 2427 sunt
1055 2399 1239 2437 Vitebergae.

324 2443 434 2471 Rector
455 2444 632 2471 Academiae
656 2444 750 2472 Viteb.
773 2444 882 2471 indicat
899 2443 1091 2476 scholasticis,
1114 2442 1215 2470 Ienam
1239 2443 1363 2470 eundum
1388 2451 1451 2470 esse
1473 2441 1638 2470 doctoribus
1662 2444 1691 2467 et
1713 2439 1852 2469 studiosis
1869 2444 1994 2477 propter
2012 2443 2138 2476 pestem,

359 2486 534 2523 Vitebergae
557 2492 750 2523 grassantem.

325 2529 393 2556 Mel.
419 2529 549 2557 hortatur
571 2531 789 2558 concionatores
812 2530 1017 2566 Augustanos,
1038 2533 1068 2555 ut
1092 2528 1264 2556 concordiae
1287 2528 1429 2555 studeant.

327 2571 394 2599 Mel.
418 2572 455 2599 ad
476 2571 636 2600 Lutherum
661 2573 759 2600 scribit
782 2573 817 2600 de
840 2579 915 2600 statu
938 2581 1034 2599 rerum
1057 2571 1159 2606 lenae,
1183 2580 1239 2607 quo
1258 2580 1289 2598 se
1312 2570 1481 2598 contulerat.
