2299 2921
104 154 169 187 445
606 150 660 182 Ill.

190 245 290 278 Tales
312 245 520 278 narrationes
545 251 577 276 et
599 243 683 276 aliae
699 244 864 286 leguntur,
877 255 964 287 quae
987 245 1083 277 etiam

105 291 135 322 si
158 290 298 322 docendi
322 299 426 321 causa
449 290 493 320 ita
516 289 662 330 scriptae
677 289 709 326 ⁹)
729 294 818 324 sunt,
838 294 948 320 tamen
972 295 1084 321 osteu-

105 334 186 365 dunt
208 333 410 364 eruditorum
440 330 570 363 iudicia.
617 330 689 362 Nec
712 331 775 362 iam
806 329 989 373 longiorem
1019 332 1084 362 dis-

104 376 307 418 putationem
332 375 456 406 addere
478 384 561 414 opus
586 379 650 411 est,
672 375 865 414 praesertim
889 384 961 406 cum
985 384 1083 406 nemo

104 421 138 450 in
159 417 224 449 illis
247 417 345 456 locis,
369 418 423 448 vbi
447 422 522 448 sunt
546 416 716 454 monachi,
738 417 886 457 ignoret,
906 420 955 454 10)
983 416 1083 458 pluri-

104 472 192 493 mum
215 471 292 492 esse
314 470 492 492 nrauarum
515 459 784 500 superstitionum
808 460 839 489 in
857 460 1082 500 monasterijs,

105 510 138 536 et
161 505 271 535 studia
294 503 475 540 doctrinae,
499 502 554 533 vel
578 501 667 533 nulla
691 500 745 533 vel
767 509 923 543 corrupta
952 513 1038 534 esse.

192 541 471 578 Deliberationcm
494 555 574 576 vero
600 545 640 576 de
663 545 761 576 modo
774 545 1009 576 emendationis
1032 556 1083 577 re-

103 588 280 631 linquimus
309 589 369 630 ijs,
405 589 458 630 qui
492 594 661 628 praesunt.
713 588 747 618 ln
776 587 884 618 multis
915 587 998 620 locis
1028 589 1083 619 de-

103 638 181 664 sunt
204 638 359 673 pastores
387 630 568 672 Ecclesijs,
598 637 654 662 aut
682 631 776 661 deest
806 632 913 662 victus
942 631 1084 672 pastori-

105 676 177 707 bus.
224 674 282 705 His
315 675 454 716 primum
488 672 712 715 opitulandum
746 679 816 704 erat
850 684 890 704 ex
924 674 1083 706 reditibus

103 718 379 750 monasteriorum
392 715 616 757 locupletium.
632 716 708 756 [fol.
725 715 828 758 1011]
852 717 975 748 Postea
988 723 1020 748 et
1033 719 1037 736 ¹
1052 719 1083 755 1)

103 771 285 802 pauperum
309 769 440 802 quoque
468 760 577 791 studia
599 760 675 791 inde
701 760 844 792 iuuauda
868 766 961 800 sunt,
993 766 1024 793 et
1050 760 1083 792 in

102 803 269 846 aliquibus
293 802 432 836 scholae
454 803 609 836 constitui
625 809 779 845 possunt,
791 805 985 847 praesertim
1010 815 1083 836 cum

103 856 246 878 necesse
270 847 313 878 sit
339 845 525 879 Ecclesiam
555 846 663 878 multis
692 850 893 889 pauperibus
922 850 1084 890 praebere

103 897 255 931 sumptus
283 891 325 921 ad
355 890 567 928 discendum,
596 898 630 921 vt
659 901 699 922 ex
728 901 768 922 eo
787 894 836 927 11)
865 901 1002 922 numero
1037 890 1083 922 le-

102 939 224 974 gantur
247 939 400 973 pastores
424 939 455 964 et
474 933 631 971 ministri,
656 934 710 975 qui
735 934 877 965 doceant
900 934 1082 965 Ecclesias.

103 974 288 1016 Hospitalia
311 976 408 1007 etiam
432 976 508 1007 iude
530 976 672 1008 iuuanda
696 986 789 1015 sunt,
813 978 844 1008 in
869 978 989 1018 quibus
1007 986 1084 1018 pau-

103 1028 201 1060 peres
220 1019 275 1060 qui
299 1019 459 1050 diuturnis
482 1020 608 1050 morbis
628 1018 791 1057 laborant,
805 1019 848 1051 ali
867 1029 1010 1051 necesse
1023 1024 1084 1050 est.

190 1061 242 1092 Ad
267 1060 352 1093 tales
378 1071 457 1093 vsus
481 1071 561 1092 vere
584 1062 669 1103 pios,
693 1063 735 1093 ad
759 1062 899 1094 alendos
918 1068 1085 1104 pastores,

102 1114 267 1145 pauperes
297 1103 537 1143 scholasticos,
556 1108 606 1142 ¹³)
636 1105 678 1136 ad
708 1106 958 1136 constituendas
987 1105 1084 1136 scho-
1110 1122 1114 1163 Ι

102 1147 167 1185 las,
187 1147 229 1178 ad
252 1147 395 1178 iuuanda
413 1149 462 1184 ¹⁴)
485 1146 664 1188 hospitalia
683 1158 802 1190 magna
823 1158 901 1189 pars
921 1148 1084 1179 redituum

100 1190 134 1221 in
157 1190 370 1229 monasterijs
393 1190 424 1220 in
448 1189 500 1220 his
524 1191 727 1232 regionibus,
751 1192 802 1222 dei
824 1191 984 1222 beneficio
1009 1195 1014 1229 Ι
1026 1190 1085 1231 fol.

104 1233 203 1271 102⁰]
239 1233 468 1267 translatam)
503 1238 571 1270 est,
604 1232 764 1275 reliquum
798 1235 830 1265 in
860 1236 1085 1266 oeconomiam

101 1277 134 1308 in
158 1274 304 1317 quolibet
326 1276 527 1306 monasterio
554 1277 768 1317 impenditur,
800 1277 840 1307 Et
870 1276 1014 1309 stulticia
1038 1283 1086 1307 est

102 1320 291 1351 existimare
314 1318 526 1349 oeconomias
549 1329 615 1350 non
645 1329 722 1350 esse
750 1326 973 1360 sumptuosas.
1020 1320 1086 1350 Ab·

102 1363 197 1393 butes
232 1371 313 1392 vero
348 1361 484 1391 ditiores
516 1360 581 1391 hoc
614 1368 765 1402 tempore
791 1364 823 1393 in
859 1361 976 1403 quales
1005 1372 1086 1394 vsus

101 1402 306 1445 profundant
335 1403 477 1440 reditus,
511 1404 661 1445 exempla
692 1403 867 1436 multorum
896 1406 1087 1443 ostendunt,
1112 1421 1114 1430 v

104 1456 190 1487 quos
214 1446 384 1477 nominare
407 1455 601 1486 possemus,
626 1449 680 1488 qui
704 1448 826 1488 pariter
848 1446 984 1487 literas,
1014 1447 1087 1479 reli·
1112 1444 1115 1491 ξ

104 1489 238 1530 gionem
261 1494 292 1519 et
316 1489 468 1519 virtutem
499 1490 658 1527 oderunt,
687 1496 717 1521 et
750 1489 937 1521 helluantur
967 1491 1007 1522 de
1034 1491 1086 1522 his
1111 1493 1115 1523 i

103 1529 354 1571 Eleemosynis,
373 1532 424 1565 16)
460 1537 492 1561 et
523 1538 578 1562 aut
609 1530 719 1563 nullos
750 1539 903 1573 pastores
934 1534 1003 1565 suis
1027 1527 1114 1569 Ecst

104 1572 284 1613 clesijs17)
314 1573 528 1613 praeficiunt,
557 1579 629 1612 aut,
653 1575 770 1616 siquos
794 1576 935 1614 habent,
959 1578 1087 1608 esurire

103 1616 225 1647 sinunt.

146 1730 195 1762 De
224 1729 430 1763 inuocatione
459 1729 628 1764 hominum
658 1731 804 1777 piorum,
835 1733 889 1778 qui
919 1744 956 1766 ex
987 1733 1045 1766 hac

404 1781 465 1815 vita
494 1781 713 1817 decesserunt.
736 1783 788 1827 ¹¹⁵)

191 1854 225 1886 ln
250 1865 322 1896 cap.
347 1855 470 1887 Esaiae
483 1857 534 1887 42.
560 1858 717 1899 scriptum
742 1865 806 1896 est,
830 1858 902 1900 Ego
921 1859 1085 1891 dominus.

104 1897 178 1929 Hoc
202 1904 253 1928 est
281 1908 398 1929 nomen
434 1910 557 1938 meum,
587 1899 728 1943 gloriam
759 1911 865 1932 meam
895 1901 990 1933 alteri
1019 1912 1086 1933 non

122 1984 151 2014 9)
170 1983 352 2022 itascriptae]
376 1984 457 2009 Editt.
483 1987 558 2011 1—3.
584 1987 622 2011 8.:
652 1988 761 2018 scripta,
787 1988 866 2011 Editt.
891 1990 914 2012 4.
941 1989 964 2012 5.
985 1989 1023 2013 7.:
1050 1991 1084 2012 ita

174 2022 268 2049 scripta.

107 2060 152 2092 10)
171 2059 294 2092 iguoret,]
312 2060 356 2084 boc
375 2060 472 2086 verbum
490 2061 552 2087 Mel.
579 2064 605 2087 in
624 2072 702 2096 marq.
723 2064 746 2089 lz.
766 2064 781 2089 l.
802 2064 912 2091 αᾱᾶίᾱίες
936 2073 1008 2098 przus
1029 2071 1085 2098 post

173 2094 265 2152 pethe:
285 2100 406 2127 corrupta
425 2104 480 2120 csse
499 2097 550 2129 ipse
568 2097 752 2130 adscripscrat,
777 2098 819 2123 ubi
838 2099 924 2124 deinde
949 2100 1026 2124 litura
1045 2101 1084 2125 de-

184 2130 240 2153 evit.
1108 2130 1115 2215 1

106 2172 152 2203 11)
172 2172 207 2203 et]
226 2174 263 2196 sic
282 2173 364 2201 Cod.;
383 2172 414 2197 ab
434 2181 500 2197 omn.
523 2174 604 2199 Editt.
625 2174 701 2199 aben.

106 2215 150 2246 12)
171 2214 213 2247 eo]
231 2215 258 2239 n'n
277 2215 325 2239 Ed.
346 2216 369 2239 7.
389 2215 462 2241 deest.

107 2258 150 2289 13)
170 2265 297 2289 pauperes
316 2258 498 2292 scholasticos]
517 2260 553 2284 tic
573 2260 653 2290 Cod.,
678 2269 733 2285 nam
758 2269 838 2287 vocem
863 2266 902 2292 et,
927 2271 997 2295 quam
1021 2263 1082 2287 Mel.

172 2293 236 2316 inter
255 2292 298 2316 has
316 2301 387 2317 voces
405 2295 474 2325 infra
493 2295 579 2318 lineam
603 2294 786 2328 adscripscrat,
811 2297 863 2329 ipse
881 2297 958 2321 litura
983 2297 1084 2327 ᾱεῖευίτς

174 2334 262 2350 omues
281 2327 360 2351 Editt.
380 2327 480 2353 habent:
500 2336 624 2360 pauperes
643 2334 668 2353 et
686 2330 855 2355 scholasticos

104 2369 152 2400 14)
171 2370 204 2393 ad
222 2370 348 2401 iuuanda]
366 2372 402 2394 sic
420 2372 531 2408 Codbct
549 2372 629 2397 Editt.
650 2375 674 2396 4.
686 2373 724 2403 G.;
744 2378 802 2397 cett.
821 2373 918 2398 Editt.:
937 2375 1086 2399 adiuuauda

105 2411 151 2442 15)
171 2411 306 2445 translata]
328 2413 365 2437 sic
383 2414 449 2437 Cod.
470 2418 492 2438 et
511 2422 579 2438 omn.
597 2415 696 2445 Editt.;
716 2416 800 2441 scriba
824 2417 976 2449 scripserat:
1001 2422 1084 2442 trans-

173 2446 266 2475 latum,
291 2448 361 2471 cuius
385 2448 494 2471 ultimam
519 2448 638 2480 syllabam
668 2454 720 2474 tuln
750 2451 827 2475 litura
856 2451 916 2476 Mel.
936 2452 1035 2484 [deleat
1063 2456 1085 2477 et

174 2487 249 2512 supra
268 2481 370 2505 deletam
389 2483 501 2515 scripsit:
522 2487 550 2507 tn

105 2522 152 2554 16)
171 2522 359 2557 Eleemosynis]
379 2524 444 2549 Cod.
464 2525 549 2550 habet:
570 2527 734 2559 Elemosynis

105 2565 152 2594 17)
171 2567 224 2589 suis
242 2566 379 2598 Ecelesijs]
399 2569 435 2592 sic
453 2569 536 2598 Cod.;
557 2577 625 2594 omn.
644 2570 738 2595 Edita:
760 2571 883 2603 Ecclesijs
902 2573 954 2596 suis

105 2608 151 2639 18)
172 2609 348 2642 decesserunt]
367 2611 404 2634 eie
422 2612 504 2642 Cod.;
525 2619 595 2636 omn.
615 2614 713 2638 Ecum
733 2615 904 2639 discesserunt

705 148 937 182 REPETlTlo
960 149 1277 183 CONFESSIONIS
1300 148 1616 182 AUGUSTANAE.

2055 138 2119 184 44'6

1137 244 1237 276 dabo.
1272 243 1332 276 Est
1349 249 1459 276 autem
1478 243 1556 284 [fol.
1578 244 1681 284 102b]
1696 243 1798 287 gloria
1819 245 1872 276 dei
1891 246 2120 289 proprijssima

1135 287 1321 326 inuocatio,
1338 289 1388 325 ¹⁹)
1419 291 1454 318 ut
1477 286 1593 318 Matth.
1617 289 1648 318 4.
1671 288 1775 329 inquit
1798 287 1978 327 Dominus,
2008 289 2119 322 Domi-

1136 341 1212 362 num
1237 330 1332 361 deum
1355 336 1445 361 tuum
1470 330 1646 367 adorabis,
1669 336 1700 361 et
1732 329 1778 361 illi
1802 329 1865 362 soli
1895 333 2032 363 seruies.
2077 332 2120 364 Et

1135 374 1303 404 immotum
1332 383 1372 404 ac
1403 378 1573 403 aeternum
1608 373 1777 404 decretum
1811 380 1862 404 est
1896 375 1990 415 primi
2025 385 2119 417 prae-

1138 417 1237 457 cepti,
1254 418 1306 453 20)
1329 415 1402 446 Non
1427 415 1567 446 habebis
1587 416 1670 447 deos
1693 415 1834 447 alienos·

1223 459 1372 490 Necesse
1405 464 1455 489 est
1483 458 1582 499 igitur
1612 460 1644 489 in
1681 457 1835 490 Ecclesia
1864 460 2047 491 doctrinam
2078 461 2120 493 de

1137 501 1350 532 lnuoeatione
1376 501 1586 542 purissimam
1603 503 1655 538 ²¹)
1685 507 1817 540 extare,
1847 503 1889 533 ad
1918 513 2016 544 quam
2048 513 2117 534 cor·

1136 545 1351 584 rumpendam
1382 544 1459 574 inde
1487 553 1594 585 usque
1624 545 1666 575 ab
1696 544 1786 576 initio
1822 547 1954 586 generis
1984 546 2119 578 humani

1137 586 1289 618 diabolus
1313 588 1417 626 varijs
1437 587 1543 617 modis
1566 588 1692 617 semina
1710 589 1846 628 sparsit.
1863 595 1896 619 et
1919 597 2050 630 semper
2066 591 2119 628 22)

1137 636 1283 671 sparget.
1341 629 1453 664 Quare
1487 628 1716 670 vigilantiores
1757 640 1834 662 esse
1874 632 2047 670 dehemus,
2086 638 2119 664 et

1136 672 1330 709 maior-22¹³)
1363 683 1442 704 cura
1472 673 1616 703 retinere
1645 673 1777 704 modum
1807 674 2031 705 inuocationis
2059 684 2120 706 seu

1138 715 1342 747 adorationis
1382 716 1591 758 propositum
1624 717 1658 748 in
1689 717 1793 748 verbo
1828 715 1908 756 Dei,
1950 717 2041 749 iuxta
2075 718 2121 750 di-

1138 764 1237 796 ctum,
1253 760 1305 798 24)
1333 759 1501 802 Quidquid
1519 760 1677 801 petieritis
1689 765 1817 803 patrem
1834 760 1868 792 in
1887 760 2018 793 nomine
2035 770 2121 801 meo,

1123 802 1202 834 >hoc
1224 801 1404 841 faciet.2⁵)
1449 804 1483 834 ln
1513 804 1564 835 his
1596 806 1706 836 verbis
1737 805 1886 836 sancitus
1917 811 1967 836 est
1991 806 2121 843 modus,

1138 855 1234 887 quem
1269 846 1538 877 constantissime
1573 847 1653 886 [fol.
1692 847 1790 885 1032]
1831 848 1913 879 tueri
1949 849 2120 886 debemus,

1137 898 1203 919 non
1228 889 1368 919 miscere
1391 887 1475 919 alios
1498 890 1617 920 modos
1641 896 1828 932 pugnantes
1859 901 1932 922 cum
1963 901 2046 922 voce
2075 892 2120 922 di-

1137 932 1231 968 uina,
1255 936 1310 962 aut
1334 931 1388 972 qui
1412 929 1504 962 nullo
1528 932 1680 974 exemplo
1704 932 1834 974 prolato
1851 936 1903 972 20)
1926 935 1958 965 in
1982 934 2121 975 scriptu-

1138 974 1184 1004 ris
1207 973 1390 1005 confirmati
1408 976 1459 1011 ¹2⁷)
1484 980 1571 1005 sunt.

1225 1015 1322 1047 Nulla
1348 1017 1452 1048 maior
1476 1017 1579 1047 virtus
1604 1024 1665 1056 cst,
1690 1017 1780 1049 nulla
1804 1018 1972 1051 efficacior
2001 1029 2121 1051 conso-

1138 1058 1236 1097 latio,
1271 1069 1368 1100 quam
1402 1069 1482 1090 vera
1517 1060 1698 1092 inuocatio.
1754 1061 1903 1093 Necesse
1937 1068 1988 1093 est
2022 1063 2121 1104 igitur

1138 1108 1255 1133 taxare
1271 1104 1324 1139 ¹²³³)
1348 1112 1426 1140 eOS,
1450 1103 1504 1143 qui
1528 1113 1640 1134 veram
1664 1103 1910 1136 inuocationem
1935 1104 1989 1136 vel
2018 1104 2120 1147 negli-

1140 1151 1239 1186 gunt,
1263 1144 1315 1176 vel
1341 1152 1564 1186 corrumpunt.
1604 1146 1643 1177 Et
1667 1153 1744 1178 sunt
1767 1147 1977 1189 corruptelae
1999 1149 2122 1179 variae.

1139 1187 1235 1219 Multi
1259 1197 1326 1218 non
1355 1189 1549 1220 discernunt
1580 1198 1672 1220 suam
1700 1191 1942 1222 inuocatiouem
1975 1193 2015 1222 ab
2047 1191 2123 1222 Eth-

1139 1231 1230 1268 nica,
1266 1241 1305 1261 ac
1339 1241 1380 1262 ue
1415 1232 1561 1272 cogitant
1601 1233 1750 1273 quidem,
1786 1234 1862 1275 quid
1900 1233 2122 1275 alloquantur.

1139 1272 1193 1305 De
1217 1274 1268 1303 his
1291 1274 1394 1315 inquit
1408 1274 1569 1305 Dominus
1593 1275 1624 1306 in
1650 1277 1757 1317 capite
1781 1277 1948 1308 lohannis.
1965 1279 2016 1315 ²⁹)
2051 1277 2124 1308 Vos

1140 1317 1305 1354 adoratiS,
1334 1318 1422 1358 quod
1445 1318 1597 1355 nescitis,
1621 1317 1758 1360 vultque
1773 1321 1826 1358 ³⁰)
1851 1318 2037 1352 Ecclesiam
2068 1330 2124 1352 co·

1141 1361 1262 1401 guare,
1287 1360 1362 1400 quid
1394 1359 1600 1401 alloquatur,
1629 1361 1799 1402 inquiens’‚
1835 1362 1905 1393 Nos
1935 1364 2125 1402 adoramus,

1140 1402 1228 1443 quod
1251 1403 1385 1434 scimus.
1432 1402 1526 1434 Multi
1550 1414 1616 1435 non
1640 1405 1798 1445 cogitant,
1821 1415 1863 1436 an
1887 1412 1920 1437 et
1943 1417 2044 1448 quare
2068 1417 2124 1438 ex-

1140 1445 1324 1483 audiantur,
1350 1446 1491 1476 recitant
1517 1446 1590 1486 [fol.
1618 1447 1722 1487 103b]
1748 1449 1975 1490 precationes,
2004 1456 2036 1481 et
2067 1450 2125 1482 du-

1141 1488 1244 1519 bitant
1267 1493 1393 1526 tamen,
1419 1499 1493 1520 cum
1521 1491 1680 1531 scriptum
1710 1493 1770 1525 sit,
1804 1491 1951 1533 postulet
1984 1493 2016 1524 in
2048 1494 2125 1531 fide,

1139 1529 1219 1561 nihi!
1238 1530 1395 1562 hesitans
1414 1534 1465 1564 ³¹)
1502 1531 1553 1564 De
1572 1532 1624 1564 his
1644 1534 1791 1574 materijs
1811 1534 1890 1566 alibi
1910 1536 2060 1567 dicimus.
2073 1538 2126 1575 3¹2)

1227 1574 1299 1605 Hoc
1340 1573 1417 1605 loco
1460 1576 1731 1615 reprehendimus
1775 1577 1859 1609 hanc
1903 1579 2126 1620 corruptelam

1140 1616 1333 1654 Ethnicam,
1367 1617 1457 1657 quod
1489 1617 1677 1651 defenditur
1710 1621 1917 1654 consuetudo
1952 1620 2125 1663 alloquen—

1140 1659 1219 1689 tium
1242 1659 1411 1697 homines,
1435 1661 1489 1701 qui
1514 1672 1553 1693 ex
1577 1662 1642 1695 hac
1666 1663 1733 1694 vita
1756 1663 1996 1702 decesserunt,
2012 1666 2064 1703 ³³)
2094 1671 2126 1697 et

1143 1812 1187 1844 19)
1207 1812 1253 1835 Est
1271 1818 1356 1852 autem
1375 1815 1461 1845 gloria
1482 1829 1512 1833 —
1531 1817 1683 1849 inum-atio]
1705 1817 1785 1842 Editt,
1808 1819 1881 1843 1-3.
1903 1820 1942 1843 8.:
1962 1820 2053 1844 Gloria
2070 1821 2122 1844 Dei

1209 1849 1388 1878 proprijssima
1406 1854 1460 1879 est,
1480 1852 1623 1875 inuocatio.

1141 1889 1186 1920 20)
1207 1890 1286 1948 ffiffltii
1301 1891 1442 1949 pgzgecepti]
1462 1893 1510 1917 Ed.
1532 1898 1556 1918 4.
1577 1894 1602 1916 in
1621 1902 1710 1926 mnry„
1731 1895 1810 1920 Editt.
1823 1896 1898 1921 5-7.
1918 1898 1944 1920 in
1962 1901 2031 1922 textu
2051 1898 2124 1923 add.:

1253 1931 1267 1946 o
1291 1944 1294 1948 .
1354 1944 1359 1948 .

1140 1967 1185 1996 21)
1205 1968 1380 1999 purissimam]
1400 1969 1481 1992 Editt.
1504 1970 1578 1994 1-3.
1598 1972 1638 1993 8.:
1658 1972 1793 2002 purissime

1140 2010 1186 2041 22)
1208 2011 1318 2041 semper]
1337 2012 1363 2034 in
1382 2012 1462 2036 Editt.
1485 2013 1558 2037 1—3.
1579 2013 1602 2037 8.
1624 2013 1698 2038 dees!-

1140 2051 1185 2083 23]
1205 2052 1315 2086 maiore]
1334 2054 1413 2078 Editt.
1437 2056 1510 2079 1—3.
1532 2057 1570 2080 8.:
1590 2057 1680 2080 maiori

1139 2094 1185 2127 24)
1205 2096 1277 2119 iuxta
1296 2097 1413 2128 dictum?
1426 2098 1473 2121 Ed.
1494 2097 1519 2122 6.
1539 2100 1565 2122 *in
1584 2103 1652 2123 textu
1671 2100 1755 2124 addit:
1774 2101 1865 2124 Ioann.
1890 2101 1946 2132 16.,
1965 2104 2022 2127 item
2040 2104 2122 2129 Editt.

1207 2131 1231 2154 5.
1253 2131 1289 2153 7.:
1310 2131 1400 2155 Iohan.
1425 2134 1477 2161 1⁴.,
1496 2140 1563 2164 quem
1582 2133 1657 2156 locum
1678 2134 1727 2157 Ed.
1747 2137 1770 2158 4.
1790 2136 1814 2159 in
1833 2144 1912 2168 τηαν-9.
1933 2137 2034 2161 indicat.

1139 2173 1184 2204 25)
1204 2173 1253 2196 hoc
1273 2173 1370 2205 saciet]
1391 2174 1439 2198 Ed.
1460 2175 1498 2199 6.:
1519 2176 1591 2200 dabit
1611 2177 1696 2199 uobis.

1139 2215 1185 2247 26)
1205 2216 1316 2249 prolato]
1335 2217 1372 2241 sic
1392 2217 1473 2247 Co‹1.;
1493 2225 1560 2243 omn.
1580 2219 1674 2243 Editt.:
1695 2221 1804 2251 probato

1138 2258 1185 2289 27)
1206 2259 1363 2293 confirmati]
1383 2260 1464 2285 Editt.
1487 2261 1560 2286 1-3.
1582 2263 1621 2287 8.:
1641 2262 1735 2286 firmati

1138 2301 1184 2332 28)
1204 2302 1305 2334 taxare]
1326 2303 1410 2326 Editt.
1431 2304 1505 2328 1—3.
1527 2306 1565 2330 8.:
1585 2306 1668 2329 taxari

1138 2343 1184 2375 29)
1203 2346 1229 2368 in
1250 2346 1332 2376 capite
1351 2346 1475 2370 Iohannis
1495 2347 1532 2379 4.]
1551 2348 1587 2372 uic
1606 2347 1671 2374 Cod.
1693 2354 1714 2375 et
1733 2350 1813 2376 Editt.
1834 2353 1858 2376 4.
1879 2351 1916 2382 6.,
1934 2350 2016 2377 Editt.
2038 2353 2060 2377 5.
2084 2354 2122 2378 7.:

1205 2379 1231 2402 iu
1251 2380 1335 2411 capite
1355 2382 1378 2405 4.
1392 2381 1535 2414 Iohannis;
1554 2383 1579 2406 in
1594 2383 1672 2408 Editt.
1685 2384 1759 2409 1-3.
1771 2386 1794 2409 8.
1810 2395 1892 2411 nomen
1910 2386 2037 2410 Iohannis
2047 2388 2121 2413 deest.

1138 2421 1183 2453 30)
1204 2421 1322 2456 vultque]
1342 2424 1378 2448 alc
1398 2425 1464 2450 Cod.
1485 2429 1507 2450 et
1525 2425 1604 2450 Edita.
1626 2428 1650 2450 4.
1669 2427 1708 2456 6,;
1729 2432 1787 2451 cett.
1806 2429 1902 2452 Editt.:
1922 2429 1986 2453 Vult

1138 2463 1183 2496 31)
1202 2465 1335 2499 hesitans.]
1355 2468 1435 2491 Editt.
1455 2468 1478 2492 5.
1500 2468 1522 2492 7.
1548 2468 1569 2493 h.
1591 2469 1622 2499 L,
1649 2470 1697 2494 Ed.
1718 2469 1742 2495 6.
1764 2475 1821 2503 ,vost
1839 2472 1915 2496 verba
1932 2474 2054 2504 seriptum
2080 2475 2121 2504 sit,

1205 2500 1231 2522 n'n
1241 2503 1325 2558 htgaetu
1343 2501 1451 2525 addunt:
1478 2502 1563 2528 Iacob.
1586 2505 1620 2531 1.‚
1647 2504 1745 2528 eundem
1771 2506 1847 2529 locum
1872 2506 1920 2530 Ed.
1939 2509 1963 2531 4.
1990 2509 2015 2531 in
2040 2517 2120 2541 τηαν-9.

1210 2541 1239 2558 ex
1256 2542 1264 2557 π
1283 2538 1313 2559 et.

1138 2575 1186 2608 32)
1205 2576 1335 2610 dicimus]
1355 2579 1391 2602 sic
1410 2579 1476 2602 Cod,
1497 2583 1519 2602 et
1538 2580 1586 2604 Ed.
1607 2581 1646 2609 6.·‚
1667 2585 1726 2605 cett.
1747 2582 1843 2607 Editt.:
1865 2584 1983 2618 dicemus.

1109 2623 1113 2633 ¹
1139 2618 1186 2652 8³)
1207 2619 1391 2654 decesserunn]
1412 2622 1448 2644 sic
1467 2621 1532 2646 Cod.
1553 2631 1581 2647 ex
1601 2622 1663 2647 Mei.
1684 2625 1856 2655 emendatione,
1876 2626 1958 2651 scriba
1977 2628 2037 2652 enim
2058 2628 2119 2652 urri-
