2299 2921
174 92 238 125 153

389 221 428 249 11.

374 264 428 292 III.

375 307 427 335 IV.

393 349 429 377 V.

374 391 419 420 VI

361 413 430 462 v11'.

769 88 808 121 ιι.
852 86 1041 120 amiciis,
1086 87 1124 118 A.
1159 83 1300 118 mom
1322 58 1585 116 GENERALis.

2122 84 2185 116 154

2119 180 2183 211 Pag.

472 219 595 247 Ethicae
617 218 765 246 doctrinae
792 218 998 246 elementorum
1020 217 1086 245 libri
1109 217 1167 245 duo
1235 237 2054 246 ................
2126 215 2184 244 165

472 261 681 290 Enarrationes
703 261 815 298 aliquot
836 261 974 289 librorum
998 260 1158 288 ethicorum
1182 258 1347 287 Aristotelis
1399 280 2056 288 .............
2123 258 2182 287 277

473 303 684 332 Commentarii
706 304 736 331 in
759 303 868 340 aliduot
890 303 1024 340 politicos
1046 303 1136 331 libros
1159 301 1327 330 Aristotelis
1399 323 2055 330 .............
2123 301 2183 329 417

474 347 669 383 Quaestiones
691 346 804 384 aliquot
826 347 947 382 ethicae,
971 346 1006 374 de
1027 345 1209 380 iuramentis⁷
1232 343 1531 376 excommunicatione
1555 346 1583 370 et
1605 341 1671 371 aliis
1692 342 1806 371 casibus
1829 342 1960 371 obscuris
1995 367 2001 372 .
2049 366 2055 372 .
2123 343 2184 371 453

472 390 649 418 Dissertatio
673 389 708 417 de
733 389 929 417 contractibus
966 409 2058 418 .....................
2124 386 2186 414 495

475 433 522 461 De
545 433 648 461 arbore
672 432 932 469 consanguinitatis
953 436 981 459 et
1003 431 1151 459 affinitatis
1171 431 1231 458 sive
1254 430 1290 458 de
1311 429 1448 466 gradibus
1471 429 1637 457 dissertatio
1671 452 2056 458 ........
2124 428 2184 457 509

238 580 387 622 LIBRI
418 579 661 620 PHILIPPI
692 577 1105 618 MELANTHONIS
1137 577 1197 617 IN
1230 574 1433 627 QUIBUS
1465 573 1798 616 ENARRAVIT
1830 573 2127 616 AUCTORES

388 796 427 824 II.

370 839 425 867 III.

374 882 426 910 lv.

376 966 429 996 VI.

360 1009 428 1039 VII.

346 1095 428 1123 VIII.

376 1137 429 1165 IX.

374 1222 429 1251 XI.

357 1265 428 1293 XII.

342 1308 430 1337 XIII.

345 1351 430 1380 XIV.

358 1393 427 1423 XV.

343 1436 400 1464 XV
406 1436 428 1464 I.

325 1478 424 1507 XVII.

311 1521 428 1550 XVIII.

338 1564 427 1593 XIX.

354 1607 425 1634 XX.

336 1650 423 1678 XXI.

325 1692 428 1721 XXII.

307 1903 426 1932 XXIII.

309 1946 426 1974 XXIV.

327 1989 428 2017 XXV.

309 2031 428 2060 XXVI.

292 2073 425 2102 XXVII.

277 2116 425 2145 XXVIII.

308 2160 427 2188 XXIX.

325 2202 427 2230 XXX.

306 2245 423 2273 XXXI.

288 2287 422 2315 XXXII.

272 2329 422 2359 XXXIII.

282 2372 428 2400 XXXIV.

298 2416 429 2443 XXXV.

282 2457 430 2487 XXXVI.

266 2501 428 2529 XXXVII.

248 2543 427 2573 XXXVIII.

1032 648 1343 691 CLASSICOS.

472 753 685 790 Prolegomena
707 753 737 780 in
760 752 855 779 officia
879 749 1040 786 Ciceronis7
1064 751 1217 778 collatione
1241 751 1387 778 actionum
1411 750 1576 777 Atticarum
1600 753 1629 777 et
1650 749 1850 778 Romanarum
1873 758 1989 777 annexa
2127 748 2186 778 529

473 797 686 832 Argumentum
709 799 736 822 et
759 794 871 822 scholia
889 795 919 821 in
942 794 1041 821 officia
1064 793 1215 821 Ciceronis
1237 815 2058 822 ................
2127 792 2187 820 615

471 839 687 866 Annotationes
711 838 739 865 in
758 836 889 864 Laelium
913 834 1064 864 Ciceronis
1128 857 2058 865 ..................
2126 834 2183 862 681

472 880 590 909 Scholia
612 882 642 908 in
666 878 817 908 Ciceronis
838 880 873 906 de
897 883 1010 907 oratore
1037 876 1176 914 Dialogos
1198 883 1256 905 tres
1293 900 2057 907 ...............
2127 877 2187 906 685

473 923 592 952 Scholia
614 924 643 951 in
666 922 818 950 Ciceronis
841 926 984 949 oratorem
1016 943 2057 950 ....................
2128 920 2186 949 767

475 965 593 995 Scholia
611 967 641 994 in
664 965 815 994 Ciceronis
835 964 932 1000 topica
959 982 2057 993 .....................
2126 962 2188 992 805

473 1009 508 1038 In
531 1010 670 1046 primam,
699 1008 885 1045 praecipuam
909 1010 935 1033 vt
959 1005 1160 1033 difficillimam
1184 1008 1295 1042 partem
1317 1006 1509 1033 oratoriarum
1531 1006 1718 1042 partitionum
1742 1003 1894 1035 Ciceronis
1917 1015 2061 1034 commen-

512 1053 603 1080 tarius
638 1071 2058 1080 ...........................
2128 1050 2188 1079 833

476 1094 652 1128 Artificium7
677 1092 828 1128 dispositio
852 1095 879 1118 et
902 1091 1014 1128 integra
1038 1090 1223 1127 paraphrasis
1245 1091 1385 1118 orationis
1408 1090 1557 1119 Ciceronis
1580 1100 1632 1127 pro
1654 1094 1691 1119 A.
1709 1089 1824 1119 Licinio
1848 1091 1957 1119 Archia
1974 1094 2060 1128 poeta
2129 1092 2188 1122 889

476 1137 640 1174 Dispositio
665 1141 691 1163 et
715 1134 900 1172 paraphrasis
925 1134 1064 1161 orationis
1086 1132 1236 1161 Ciceronis
1255 1144 1308 1170 pro
1330 1134 1370 1161 M.
1396 1133 1534 1161 Marcello
1564 1157 2059 1164 ..........
2129 1135 2187 1163 921

472 1173 635 1216 Dispositio
661 1178 801 1206 orationis
825 1176 976 1205 Ciceronis
995 1186 1049 1213 pro
1068 1176 1102 1203 T.
1124 1176 1222 1203 Annio
1244 1176 1353 1204 Milone
1404 1199 2060 1206 .............
2128 1179 2185 1207 971

474 1223 697 1259 Argumentum,
722 1219 907 1258 paraphrasis
927 1226 957 1246 et
981 1220 1184 1247 annotationes
1207 1219 1236 1246 in
1260 1217 1411 1246 Ciceronis
1432 1219 1593 1247 orationem
1614 1228 1667 1256 pro
1691 1218 1725 1247 L.
1750 1219 1872 1248 Murena
2054 1242 2059 1248 .
2109 1221 2189 1250 1033

475 1263 709 1292 Commentarius
728 1264 756 1290 in
778 1263 929 1291 Ciceronis
953 1263 1113 1289 orationem
1136 1272 1189 1299 pro
1213 1262 1251 1289 M.
1277 1261 1377 1289 Caelio
1396 1261 1475 1289 Rufo
1511 1285 1516 1290 .
1564 1285 1571 1291 .
1620 1286 1625 1291 .
1674 1257 1682 1291 .’
1729 1285 2059 1292 .......
2110 1264 2189 1293 1093

477 1305 595 1335 Scholia
616 1308 646 1335 in
669 1305 819 1334 Ciceronis
842 1306 1001 1333 orationem
1025 1314 1079 1342 pro
1103 1303 1170 1333 Sex.
1196 1304 1304 1333 Roscio
1326 1305 1467 1332 Amerino
1513 1327 2059 1335 ...........
2110 1306 2190 1336 1123

477 1349 595 1378 Scholia
618 1350 647 1377 in
668 1348 818 1377 Ciceronis
842 1348 1003 1375 orationem
1026 1357 1079 1385 pro
1103 1348 1134 1375 P.
1156 1346 1237 1383 Sylla
1294 1371 2059 1377 ...............
2110 1350 2188 1378 1147

474 1392 593 1421 Scholia
618 1393 646 1420 in
670 1391 820 1420 Ciceronis
844 1391 1004 1419 orationem
1031 1400 1083 1427 pro
1106 1392 1141 1418 A.
1167 1389 1295 1418 Caecina
1348 1413 2059 1420 ..............
2109 1393 2188 1421 1187

474 1434 593 1464 Scholia
616 1436 644 1463 in
668 1434 818 1464 Ciceronis
842 1429 1004 1461 orationem
1023 1443 1076 1470 pro
1099 1432 1133 1468 Q.
1154 1432 1272 1469 Ligario
1292 1456 2058 1463 ...............
2108 1435 2188 1464 1195

470 1477 590 1507 Scholia
613 1479 642 1506 in
665 1477 815 1505 Ciceronis
839 1476 999 1504 orationem
1022 1486 1076 1514 pro
1099 1485 1167 1512 rege
1192 1475 1332 1503 Deiotaro
1346 1499 2057 1506 ..............
2107 1477 2188 1507 1219

473 1519 592 1549 Scholia
616 1522 646 1548 in
670 1520 822 1549 Ciceronis
846 1520 1007 1547 orationem
1025 1529 1078 1555 pro
1102 1516 1135 1547 C.
1156 1518 1276 1546 Rabirio
1291 1542 2058 1549 ...............
2107 1519 2186 1549 1241

474 1563 593 1592 Scholia
614 1565 644 1591 in
668 1561 817 1591 Ciceronis
841 1563 1002 1590 orationem
1025 1571 1078 1598 pro
1100 1561 1132 1588 P.
1155 1559 1251 1589 Sestio
1293 1585 2057 1592 ...............
2108 1562 2188 1592 1245

471 1605 589 1634 Scholia
612 1607 641 1634 in
665 1605 815 1634 Ciceronis
839 1606 1000 1633 orationem
1023 1605 1053 1632 in
1077 1603 1111 1633 L.
1136 1604 1273 1632 Pisonem
1343 1627 2056 1635 ..............
2106 1605 2185 1634 1261

470 1649 588 1678 Scholia
611 1649 641 1677 in
665 1648 816 1677 Ciceronis
838 1648 1001 1675 orationum
1024 1646 1251 1684 Philippicarum
1276 1647 1410 1683 primam,
1433 1647 1600 1682 secundam,
1624 1647 1737 1676 tertiam
1761 1653 1788 1675 et
1810 1657 1916 1676 nonam
1942 1671 1948 1677 .
1997 1671 2003 1677 .
2052 1671 2058 1677 .
2107 1648 2186 1676 1267

472 1691 590 1720 Scholia
613 1693 643 1719 in
667 1691 816 1720 Ciceronis
840 1691 1000 1719 orationem
1021 1700 1074 1727 pro
1098 1690 1161 1727 lege
1186 1689 1307 1717 Manilia
1348 1713 2058 1720 ..............
2107 1691 2188 1720 1295

470 1735 614 1763 Addenda
639 1756 1406 1764 ...............
1433 1758 1436 1759 .
1455 1756 2058 1762 ............
2108 1733 2188 1762 1299

1011 1824 1232 1855 VOLUMEN
1256 1823 1359 1855 XVll.

472 1906 653 1940 Argumenta
675 1909 702 1931 et
727 1904 838 1933 scholia
856 1906 885 1932 in
907 1903 1057 1932 Ciceronis
1079 1903 1217 1940 epistolas
1241 1903 1276 1930 ad
1299 1902 1457 1930 familiares
1509 1927 2058 1934 ...........
2174 1908 2184 1934 l

471 1945 590 1974 Scholia
612 1948 641 1974 in
665 1945 814 1975 Ciceronis
838 1952 961 1983 quatuor
980 1947 1125 1975 orationes
1147 1947 1177 1974 in
1195 1946 1228 1974 L.
1252 1945 1408 1974 Catilinam
1455 1970 2058 1977 ............
2128 1949 2186 1977 561

474 1987 592 2016 Scholia
614 1990 644 2016 in
667 1988 763 2017 Porcii
785 1989 921 2018 Latronis
940 1990 1179 2018 declamationem
1204 1994 1305 2016 contra
1324 1989 1445 2016 Lucium
1470 1987 1603 2027 Sergium
1626 1988 1781 2018 Catilinam
1836 2013 2059 2020 .....
2128 1992 2187 2019 577

473 2032 687 2060 Annotationes
711 2033 739 2059 in
763 2030 892 2060 Sallustii
915 2032 1011 2070 Crispi
1035 2034 1071 2060 de
1094 2032 1294 2060 coniuratione
1313 2031 1456 2060 Catilinae
1479 2032 1583 2060 librum
1618 2056 2058 2062 .........
2127 2034 2188 2062 583

475 2075 686 2102 Annotatioues
706 2075 737 2102 in
761 2074 891 2103 Sallustii
914 2075 1010 2112 Crispi
1034 2076 1069 2103 de
1093 2075 1168 2102 bello
1190 2074 1362 2111 Iugurthino
1385 2075 1490 2103 librum
1510 2094 2058 2108 ............
2128 2077 2188 2114 593

473 2118 687 2145 Annotationes
710 2117 739 2144 in
763 2118 900 2154 epistolas
922 2119 957 2145 ad
982 2118 1015 2146 C.
1039 2117 1194 2146 Caesarem
1219 2118 1253 2145 de
1272 2118 1423 2154 republica
1445 2118 1607 2146 ordinanda
1669 2141 2057 2148 ........
2127 2120 2187 2148 609

474 2159 508 2186 In
533 2158 662 2188 Cornelii
685 2160 780 2187 Taciti
803 2160 838 2187 de
861 2160 928 2195 situ,
952 2160 1079 2188 moribus
1103 2165 1131 2187 et
1154 2160 1269 2197 populis
1293 2160 1469 2188 Germaniae
1492 2160 1620 2188 libellum
1644 2161 1868 2190 commentarius
1889 2186 1894 2190 .
1943 2185 1948 2189 .
1997 2185 2002 2190 .
2051 2184 2057 2190 .
2127 2162 2185 2190 611

474 2203 666 2240 Paraphrasis
691 2202 840 2230 Plinianae
863 2200 1051 2240 praefationis
1083 2226 1522 2233 .........
1529 2212 1532 2215 '
1571 2227 2061 2233 ..........
2127 2205 2187 2232 639

469 2244 622 2273 Enarratio
644 2246 708 2273 libri
729 2245 833 2272 decimi
856 2246 1068 2273 institutionum
1089 2245 1281 2275 oratoriarum
1305 2244 1478 2280 Quintiliani
1510 2270 2057 2276 ...........
2126 2247 2182 2275 651

468 2287 674 2325 Interpretatio
696 2288 782 2315 trium
808 2286 1049 2325 Olynthiacarum
1068 2288 1231 2316 orationum
1255 2288 1463 2317 Demosthenis
1510 2312 2056 2318 ...........
2126 2289 2187 2317 685

474 2330 678 2368 Interpretatio
702 2331 843 2358 orationis
866 2331 1048 2368 Philippicae
1066 2331 1177 2368 primae
1200 2330 1409 2359 Demosthenis
1455 2355 2056 2361 ............
2127 2333 2184 2360 761

473 2372 677 2410 Interpretatio
700 2374 840 2401 orationis
862 2374 974 2411 primae
994 2373 1200 2402 Demosthenis
1224 2378 1326 2401 contra
1346 2374 1575 2411 Aristogitonem
1619 2397 2056 2403 .........
2126 2375 2186 2403 775

474 2415 680 2453 Interpretatio
704 2417 844 2444 orationis
864 2416 1072 2444 Demosthenis
1096 2417 1132 2444 de
1155 2426 1262 2445 corona
1288 2440 2055 2446 ...............
2125 2418 2181 2446 801

475 2458 678 2495 Interpretatio
702 2460 823 2486 duorum
848 2459 978 2487 locorum
1003 2459 1142 2487 orationis
1165 2459 1375 2488 Demosthenis
1398 2460 1432 2487 de
1456 2459 1530 2487 falsa
1553 2459 1700 2496 legatione
1725 2483 2055 2489 .......
2125 2460 2187 2488 865

474 2501 679 2539 Interpretatio
708 2502 764 2530 loci
788 2512 824 2529 ex
847 2501 1053 2530 Demosthenis
1072 2503 1203 2530 oratione
1227 2508 1328 2530 contra
1350 2502 1547 2530 Timocratem
1561 2526 2054 2531 ..........
2125 2502 2184 2530 877

471 2543 680 2581 Interpretatio
703 2545 844 2573 orationis
868 2545 1023 2573 Aeschinis
1046 2550 1146 2573 contra
1169 2544 1385 2582 Ctesiphontem
1455 2568 2003 2574 ...........
2125 2545 2183 2573 881
