2299 2921
184 120 250 154 5⁷3
1156 144 1158 146 ,
2134 115 2199 149 ὅ74

341 367 408 398 Hoc
430 375 508 406 opus
531 375 608 395 anno
635 366 726 395 1834.
745 374 764 394 a
785 363 862 394 Viro
881 364 1006 395 Summe
1027 364 1211 394 Venerando
1234 363 1562 394 Bretschneidero
1584 362 1702 393 editore
1726 362 1868 392 Gothano
1890 372 1925 392 ac
1947 362 2032 392 Viris
2056 359 2198 394 Clarissi-

187 411 246 441 mis
270 409 306 441 C.
329 410 367 439 A.
390 408 667 439 Schwetschke
690 411 722 438 et
744 407 806 437 filio
832 407 1008 447 bibliopolis
1032 407 1220 438 Halensibus
1240 409 1409 446 inceptum,
1431 416 1450 436 a
1473 416 1522 436 me
1546 405 1582 436 H.
1605 405 1643 435 Ε.
1666 405 1845 435 Bindseil
1868 405 1984 436 editore
2007 405 2135 436 Halensi
2161 417 2199 436 ac

188 453 264 483 Viro
287 451 468 483 Clarissimo
491 451 533 481 M.
557 450 691 481 Bruhn
718 450 886 490 bibliopola
908 450 1127 480 Brunsvicensi
1151 461 1229 480 anno
1257 451 1346 480 1860.
1372 460 1409 479 eo
1432 458 1554 483 mense,
1579 458 1639 488 quo
1663 447 1876 479 protestantes
1900 448 1964 479 sere
1987 449 2118 479 omnium
2140 452 2199 479 ter-

187 505 284 568 limum
310 496 399 568 ἵει-ίῖα
427 494 577 525 secularia
607 495 712 524 mortis
752 492 1079 524 PRAECEPTORIS
1113 487 1368 524 GERMANIAE
1408 493 1458 532 pio
1492 493 1591 522 animo
1625 491 1829 527 celebrarunt,
1862 492 1922 522 Dei
1957 490 1994 522 Ο.
2029 491 2072 521 Μ.
2105 493 2200 531 gratia

210 539 302 569 nitum
331 547 388 568 es.

343 580 450 611 Altera
467 580 558 610 huius
581 580 707 610 extremi
728 578 904 609 voluminis
927 578 1070 609 XXVIII.
1094 589 1180 618 pars,
1208 589 1288 618 quae
1311 577 1448 608 Annales
1471 578 1552 608 vitae
1575 577 1784 607 Melanthonis
1814 581 1845 607 et
1866 577 1986 607 Iudices
2011 577 2102 607 buius
2126 575 2199 606 Cor-

188 624 270 663 poris
292 623 517 663 complectitur,
547 624 576 652 in
596 622 714 661 lapide,
744 623 796 662 qui
818 622 1025 653 Melanthonis
1047 626 1167 652 statuae
1191 631 1306 652 aeneae
1327 621 1601 661 Wittembergensi
1624 621 1822 652 fundamento
1845 624 1909 661 est,
1937 620 1987 650 die
2012 623 2060 651 19.
2084 619 2200 659 Aprilis

189 668 282 697 1860.
305 667 380 698 hora
397 666 563 696 meridiana
588 665 656 696 ΧΠ.
680 675 749 696 cum
771 665 842 695 aliis
864 667 986 705 scriptis
1009 665 1186 696 solemniter
1209 668 1259 695 est
1283 663 1410 694 inclusa.
