2299 2921
122 148 187 181 463

121 242 205 281 ssebte
238 243 292 275 mit
326 242 393 284 auct>
436 242 483 281 fut
513 243 554 275 bie
590 243 680 284 emige
713 243 934 275 vntvtinbetbate
968 241 1103 280 QBatbeit

122 285 231 318 &ottess
255 286 349 325 butten
372 288 454 323 tutet)
478 287 531 317 ben
556 285 742 327 cingetornen
765 287 835 318 &on
852 285 960 317 &osted
978 283 1102 323 Sbefum
1126 260 1129 306 i

121 327 267 367 OEbtistum
295 336 360 360 nom
387 328 487 370 ῷίηιεῑ
517 327 684 367 offenbaret,
713 329 770 360 nub
802 328 830 360 in
859 328 908 359 bet
937 326 1102 366 {Bropheten

121 371 177 404 ”nb
202 371 315 409 &postet
338 370 494 410 &cbrifften
519 370 665 411 begtiffeu.
700 370 831 402 wanden
854 370 1008 404 berbatten
1028 368 1102 402 &ott

121 416 184 446 bem
216 413 308 446 Qater
337 414 434 453 mttere
463 413 611 454 „beticum
641 413 734 451 Sbet'u
764 412 885 451 Christi,
915 412 1008 451 sumpt
1037 412 1101 444 bem

122 456 201 495 &ott
234 457 343 493 vnterm
378 456 486 497 einigen
516 455 671 494 OErebirten
698 455 755 487 νηὶ)
786 454 918 493 (ξτῑόῖεῑ,
952 454 1009 486 mih
1038 454 1101 487 bem

122 499 241 540 heiligen
267 499 375 537 OEeifte,
405 500 453 530 ter
477 498 506 530 in
527 499 581 529 alle
604 498 722 535 matbeit
746 498 834 536 (citet,
859 497 919 536 {itit
942 497 1028 537 f⁰[d)⁸
1051 506 1101 538 go:

121 543 181 580 ben,
206 542 303 580 temer,
327 541 538 582 marbafftigcrl
563 541 709 580 beitfutnet
731 540 825 580 ssebre,
850 539 1017 579 mfinbfmen
1043 541 1101 572 nub
1127 549 1129 564 τ

120 584 206 616 bitten
228 592 283 616 »011
307 585 418 623 bergen,
442 584 498 615 bno
518 583 591 616 &ott
610 583 695 623 50th
717 583 837 623 ttdytisse,
862 591 949 622 mure,
973 582 1102 622 ηῡῇίὶῲε

119 628 176 658 mit>
201 626 298 667 ndtige
316 626 399 667 erte
423 630 502 658 miter
527 630 584 658 nne
608 626 735 663 erbulten
754 627 848 665 moue,
872 625 929 657 ”nb
953 625 1102 666 biefetbige

120 669 304 708 aussbreitcn'
338 669 406 709 oud)
441 670 469 701 in
498 669 601 700 ‹inber-e
631 668 740 706 tante,
773 669 836 709 auff
864 669 920 700 bas
944 668 1016 707 scine
1041 667 1101 700 (333⁵
1126 680 1130 716 f

120 712 224 751 metue!
249 712 349 753 tumbe
379 712 410 750 in
434 712 477 750 tyle
500 712 556 744 nub
578 713 641 743 bort
664 712 736 753 emig
761 712 910 749 ertennen,
941 711 1023 743 {oben
1044 710 1102 743 »nb

121 755 205 790 emen
239 754 293 793 501,
329 756 411 797 groiss
446 756 503 786 nni>
539 755 653 794 bertlict)
682 756 791 795 werbe,
827 754 929 786 tumen.
981 753 1103 785 Actum

119 796 331 839 Vitebergac,
357 797 513 829 Calendis
536 797 694 839 Augusti.
742 797 840 828 Anno
864 796 907 827 M.
918 795 962 827 D.
977 795 1029 827 Li.

120 946 280 991 Scriptum
310 946 489 989 legatorum
519 945 730 978 Illustrissimi
767 945 936 990 Principis,
967 945 1101 978 Domini

121 998 249 1043 Georgij
286 996 441 1030 Friderici
477 996 675 1029 Marchionis
709 996 1009 1042 Brandeburgensis
1038 1001 1099 1030 etc.

204 1097 276 1139 Ego
293 1096 337 1128 Μ.
363 1097 530 1138 Georgius
544 1095 639 1137 Karg
654 1095 774 1128 Pastor
799 1097 1045 1134 Suabacensis,
1069 1101 1101 1128 et

119 1140 286 1173 lohannes
311 1141 477 1171 Sarranus
501 1139 584 1170 alias
609 1140 734 1180 Seger,
758 1140 879 1170 Pastor
901 1138 1100 1171 Rosfelden-

119 1185 186 1221 sis,
221 1184 262 1214 ab
296 1182 509 1214 illustrissimi
538 1182 700 1222 Principis
728 1189 760 1213 ct
788 1182 936 1220 Domini,
968 1182 1101 1214 Domini

120 1227 257 1267 Georgij
286 1225 444 1257 Friderici
474 1224 676 1256 Marchionis
700 1225 1012 1267 Brandeburgensis
1037 1230 1099 1256 etc.

120 1269 253 1301 Domini
283 1269 389 1299 nostri
412 1267 666 1299 Clenientissinii
695 1267 818 1299 Senatu
842 1267 986 1309 ablegati
1010 1267 1100 1298 Vite·

121 1314 271 1354 bergam,
294 1312 336 1342 ad
359 1311 562 1342 reuerendos
586 1310 704 1341 Patres
727 1317 760 1342 et
779 1310 1018 1351 praeceptores
1043 1320 1100 1340 no-

120 1361 228 1393 stros,
258 1353 302 1385 D.
332 1353 527 1393 Magistrum
557 1352 743 1394 Philippum
774 1352 1040 1391 Melanthonem,
1070 1357 1102 1384 et

121 1404 274 1430 caeteros
305 1396 340 1428 S.
366 1395 570 1437 Theologiae
599 1395 787 1434 Doctores,
815 1403 850 1427 ut
879 1405 1101 1437 cognoscere-

120 1450 193 1473 mus
224 1439 469 1472 confessionem
498 1439 573 1470 fidei
601 1448 720 1470 recens
748 1438 769 1470 a
792 1438 831 1470 D.
859 1438 1010 1480 Philippo
1033 1438 1102 1469 Me-

121 1482 295 1520 lanfflone,
328 1482 485 1522 scriptam
519 1481 742 1514 exhibendam
775 1481 926 1513 Concilio
956 1482 1102 1513 Tridenti

121 1531 347 1568 congregate,
387 1524 562 1556 Testamur
596 1535 658 1556 nos
692 1525 849 1557 accurate
880 1524 1006 1566 legisse
1037 1524 1103 1555 hoc

121 1570 296 1609 scriptum,
320 1573 352 1599 et
373 1566 576 1598 affirmamus
600 1568 632 1598 iu
656 1578 696 1599 eo
720 1569 905 1599 doctrinam
928 1565 1101 1609 Euangelij

120 1612 254 1644 Domini
286 1611 392 1642 nostri
422 1610 496 1642 lesu
519 1609 659 1651 Christi,
694 1621 755 1652 pro
779 1617 813 1643 ut
835 1611 868 1642 in
890 1620 991 1642 sacra
1014 1611 1102 1642 Scri-

121 1661 217 1697 ptura
243 1655 416 1696 utriusque
438 1653 661 1692 Testamenti,
691 1660 722 1686 et
749 1655 782 1686 in
806 1653 975 1697 Symbolis
999 1654 1102 1685 conti-

122 1705 229 1734 netur,
263 1699 393 1730 sincere
422 1703 454 1729 et
474 1698 546 1729 sine
568 1697 769 1739 sophistica,
793 1698 891 1729 modo
915 1697 1032 1729 dextre
1054 1697 1102 1728 in-

122 1741 301 1783 telligatur,
324 1740 545 1782 propositam,
569 1751 654 1782 quae
677 1746 709 1773 et
731 1742 764 1772 in
787 1741 913 1772 nostris
936 1738 1101 1781 Ecclesijs

121 1784 247 1826 aliquot
278 1785 342 1815 iam
365 1784 461 1815 annis
484 1784 699 1823 praedicata,
722 1794 810 1815 nunc
833 1784 931 1815 etiam
952 1783 1102 1820 docetur,

120 1828 251 1859 auditur
274 1833 306 1858 et
328 1827 532 1867 approbatur
553 1827 595 1857 ab
621 1827 773 1858 omnibus
797 1826 874 1857 uere
896 1826 960 1866 pijs
984 1832 1016 1856 et
1030 1825 1100 1865 Spi-

121 1871 185 1902 ritu
208 1869 271 1901 Dei
300 1875 417 1900 sancto
445 1867 644 1900 illuminatis.
696 1869 738 1900 Et
768 1879 902 1900 oramus
924 1868 1102 1899 Dominum

122 1918 272 1944 nostrum
300 1912 407 1944 lesum
437 1910 621 1949 Christum,
655 1917 791 1953 propter
818 1916 957 1952 peccata
985 1915 1102 1941 nostra
1125 1895 1131 1941 l

122 1957 143 1988 a
170 1955 245 1987 Deo
279 1954 379 1986 Patre
402 1954 572 1992 traditum,
603 1961 635 1985 et
668 1960 803 1995 propter
835 1953 1101 1985 iustificationem

120 2005 270 2030 nostram
292 1998 536 2035 resuscitatum,
559 2002 595 2028 ut
616 1996 788 2029 Ecclesias
812 2006 943 2038 quoque
965 2000 1100 2026 nostras

123 2052 198 2074 cum
231 2042 383 2072 omnibus
419 2038 492 2080 alijs
527 2038 705 2071 clementer
744 2045 839 2081 regat
873 2045 905 2070 et
937 2043 1102 2080 protegat,

122 2084 262 2126 Nosque
281 2084 313 2115 in
336 2094 377 2114 ea
400 2083 465 2114 fide
489 2088 521 2114 et
535 2081 697 2122 libertate,
720 2083 752 2114 in
776 2093 841 2124 qua
860 2088 999 2119 stamus,
1024 2090 1103 2112 con-

123 2127 248 2165 firmet,
279 2127 432 2168 adeoque
462 2131 656 2158 constantes
685 2126 728 2157 ad
756 2125 855 2156 finem
879 2134 986 2166 usque
1016 2124 1103 2155 uitae

122 2175 258 2202 nostrae
300 2179 360 2210 per
400 2169 558 2210 Spiritum
597 2179 692 2200 suum
730 2174 882 2199 sanctum
924 2166 1104 2202 confirmet,

123 2213 239 2244 Amen.
292 2213 412 2243 Actum
447 2211 667 2253 Vitebergae,
699 2210 764 2242 Die
790 2210 860 2242 ΧΠ.
888 2210 1102 2252 Septembris.

123 2256 222 2287 Anno
245 2260 306 2286 etc.
330 2253 375 2286 M.
388 2253 429 2285 D.
444 2253 497 2284 Ll.

277 2341 352 2384 Ego
392 2340 438 2372 M.
482 2339 647 2382 Georgius
677 2338 788 2382 Karg,
827 2339 949 2370 Pastor

278 2382 451 2416 Ecclesiae
479 2383 723 2421 Suabacensis,
754 2392 851 2414 manu
872 2391 948 2423 pro-

278 2427 351 2469 pria
372 2426 567 2467 subscripsi.

280 2512 353 2553 Ego
377 2511 543 2543 lohannes
568 2511 751 2548 Serranus,
783 2508 868 2541 alias
892 2508 949 2540 Se·

281 2564 357 2596 ger,
403 2554 526 2586 Pastor
564 2552 816 2591 Rossefflensis,
853 2562 950 2584 manu

281 2607 353 2630 mea
376 2597 570 2638 subscripsi.

571 149 682 180 PHlL.
705 148 810 181 MEL.
835 148 1021 181 SCRlPTA
1045 146 1312 179 DOGMA'HCA
1339 148 1392 180 ET
1415 148 1686 181 SYMBOLICA.

2068 150 2134 182 464.

1934 221 1947 233 ἱ

1205 244 1366 289 Scriptum
1396 245 1574 290 legatorum
1603 245 1842 280 Getierosorum
1872 246 2035 280 Comitum
2064 259 2081 281 a

1562 298 1723 331 Mansselt.

1240 393 1323 426 Cum
1360 401 1550 428 nostrorum
1579 397 1741 428 Comitum
1775 398 1907 429 nomine
1935 397 2133 429 Vittember-

1153 447 1228 479 gam
1257 435 1401 479 ablegati
1425 449 1593 477 essemuS,
1625 440 1666 471 ad
1695 441 1869 481 petendum
1894 439 2066 472 consilium
2090 441 2131 472 de

1154 479 1305 511 Concilio
1341 482 1485 520 indicto,
1508 483 1529 513 έι
1553 482 1757 514 Reuerendis
1791 483 1871 514 uiris
1906 483 1947 514 D.
1980 483 2131 524 Philippo

1153 522 1367 554 Melanthone
1395 525 1601 566 caeterisque
1622 525 1897 566 praeceptoribus
1927 527 2051 557 nostris
2074 528 2131 558 ob-

1153 566 1432 604 seruandissimis,
1456 566 1562 599 forma
1584 569 1653 599 eius
1674 568 1800 608 scripti,
1824 569 1912 608 quod
1935 568 2131 610 inaCoucilio

1153 607 1357 640 offerendum
1384 616 1491 643 esset,
1523 611 1619 641 nobis
1643 609 1786 641 exhibita
1810 617 1870 641 est.
1916 612 2047 642 Summa
2073 611 2132 652 igi-

1153 657 1205 682 tur
1239 661 1303 692 qua
1332 653 1498 692 potuimus
1527 655 1726 691 attentione,
1754 663 1814 694 pro
1842 653 2049 694 ingeniorum
2072 663 2132 684 no-

1153 699 1297 725 strorum
1326 696 1499 733 tenuitate,
1530 702 1563 726 ct
1585 707 1646 736 pro
1666 697 1824 737 temporis
1849 697 1975 727 ratione
1996 696 2029 726 id
2051 696 2134 726 scri-

1153 741 1244 786 ptum
1267 735 1407 778 legimus
1431 744 1464 769 et
1486 739 1779 770 considerauimus.
1824 738 2000 770 Testamur
2022 738 2133 780 itaque

1123 798 1129 811 ς
1153 789 1186 809 m
1209 780 1274 809 isto
1297 780 1438 820 scripto,
1473 791 1631 812 summam
1654 782 1724 812 eius
1749 782 1938 819 doctrinae,
1960 790 2045 823 quae
2068 781 2133 812 Dei

1155 821 1315 853 beneficio
1344 823 1375 853 in
1405 822 1567 864 Ecclesijs
1595 823 1711 854 harum
1737 824 1919 865 Regionum
1942 823 2133 865 incorrupte

1153 863 1315 896 hactenus
1338 867 1448 896 sonuit
1475 872 1508 897 et
1534 872 1631 897 sonat
1657 865 1765 897 adhuc
1787 867 1959 907 perspicue
1984 876 2133 908 compre·

1153 906 1292 939 hensam
1304 918 1392 939 esse.
1429 909 1612 939 ludicamus
1636 914 1745 939 autem
1769 919 1840 940 eam
1854 919 1927 940 cum
1951 909 2082 949 scriptis
2100 915 2134 941 et

1154 957 1314 990 perpetuo
1349 961 1518 982 consensu
1553 950 1793 991 Prophetarum
1828 956 1861 982 et
1894 950 2134 992 Apostolorum

1154 1003 1352 1035 congruere,
1374 1004 1483 1035 neque
1504 993 1574 1025 ulla
1596 993 1780 1034 sophistica
1802 992 1997 1025 labefactari
2018 1004 2132 1035 posse.

1154 1036 1294 1077 Agimus
1321 1037 1420 1079 igitur
1443 1036 1516 1068 Deo
1541 1036 1629 1067 Patri
1652 1035 1784 1067 Domini
1813 1037 1918 1068 nostri
1941 1036 2016 1068 lesu
2039 1036 2134 1068 Chri·

1152 1080 1194 1110 sti
1218 1080 1354 1120 gratias,
1378 1090 1438 1120 pro
1461 1078 1628 1121 patefacta
1650 1078 1725 1111 luce
1749 1078 1940 1121 Euangelij,
1965 1085 1997 1110 et
2018 1089 2134 1120 preca-

1152 1132 1224 1153 mur
1245 1123 1436 1154 ardentibus
1459 1123 1566 1160 uotis,
1594 1128 1629 1153 ut
1652 1121 1739 1152 hanc
1762 1122 1927 1154 sinceram
1950 1123 2134 1154 doctrinam

1153 1165 1318 1196 aduersus
1348 1175 1463 1196 omnes
1495 1165 1632 1196 insidias
1661 1170 1693 1195 et
1722 1166 1862 1206 impetus
1885 1164 2019 1196 Diaboli
2042 1171 2133 1197 tuea-

1152 1213 1204 1238 tur
1227 1214 1259 1239 et
1283 1214 1480 1242 conseruet,
1503 1214 1537 1239 et
1560 1207 1696 1249 colligat
1717 1207 1781 1239 sibi
1803 1208 1887 1239 inter
1909 1217 1971 1239 nos
1995 1214 2028 1239 et
2049 1207 2135 1239 alias

1153 1260 1286 1291 quoque
1309 1257 1426 1292 gentes
1447 1250 1630 1282 Ecclesiam
1651 1260 1689 1281 se
1706 1251 1866 1291 perpetuo
1885 1257 2134 1291 agnoscentem,

1152 1293 1362 1324 inuocantem
1386 1299 1419 1325 et
1442 1293 1672 1325 celebrantem.
1720 1292 1763 1323 Vt
1784 1293 1884 1333 igitur
1906 1293 1983 1323 huic
2006 1294 2133 1333 scripto

1153 1334 1345 1377 suffragium
1388 1342 1420 1366 et
1470 1336 1692 1367 testimonium
1738 1341 1887 1366 nostrum
1926 1335 2133 1368 adderemus.

1153 1377 1295 1409 Nomina
1317 1385 1433 1409 nostra
1456 1379 1670 1410 subscribere
1693 1376 1868 1410 noluimus.

1360 1454 1506 1488 Michael
1519 1453 1651 1486 Caelius
1665 1454 1869 1498 Inclytorum
1886 1465 1928 1486 ac

1361 1498 1608 1539 Generosqrum
1677 1496 1839 1529 Comitum
1907 1496 1928 1528 a

1360 1540 1517 1572 Mansfelt
1551 1540 1794 1578 Concionator,
1829 1550 1928 1571 manu

1359 1585 1492 1626 propria
1514 1583 1723 1624 subscripsit.

1359 1651 1523 1683 lohannes
1576 1650 1771 1690 Vuigandus
1833 1650 1928 1681 Mini-

1359 1700 1429 1725 ster
1479 1693 1572 1724 uerbi
1617 1692 1681 1723 Dei
1726 1692 1760 1723 in
1805 1692 1928 1734 oppido

1359 1735 1528 1768 Mansfelt.

1359 1805 1525 1836 lohannes
1557 1804 1749 1836 Praetorius
1778 1804 1929 1836 Minister

1360 1848 1463 1879 Verbi
1497 1847 1560 1879 Dei
1593 1848 1626 1878 in
1660 1857 1738 1879 arce
1768 1847 1930 1889 Stolbcrg

1361 1901 1404 1922 m.
1423 1902 1455 1931 p.
1475 1901 1503 1921 s.

1361 1957 1558 1989 Valentinus
1603 1957 1733 1996 Sifridi,
1777 1957 1930 1989 Minister

1361 2002 1453 2033 uerbi
1487 2000 1550 2032 Dei
1584 2002 1616 2032 in
1646 2000 1777 2042 Oppido
1812 2000 1928 2032 Orten-

1362 2045 1460 2085 berg,
1512 2045 1545 2075 in
1589 2043 1754 2075 Comitatu
1805 2043 1929 2085 Konig-

1361 2087 1537 2125 steinensi,
1567 2097 1666 2119 manu
1690 2087 1825 2128 propria
1851 2087 1929 2118 sub-

1363 2130 1491 2171 scripsi.

1157 2287 1319 2333 Scriptum
1355 2286 1575 2320 ministrorum
1610 2284 1775 2318 Ecclesiae
1810 2285 1847 2318 ln
1889 2284 2010 2330 Inclyta
2046 2283 2134 2318 Vrbe

1527 2339 1754 2382 Argentorato.

1596 2428 1632 2461 S.
1654 2427 1697 2459 D.

1243 2507 1410 2548 Scriptum
1445 2505 1488 2537 D.
1523 2504 1664 2546 Philippi
1691 2503 1937 2541 Melanthonis,
1973 2502 2134 2534 carissimi

1157 2550 1385 2591 praeceptoris
1419 2549 1543 2586 nostri,
1578 2548 1666 2590 quod
1698 2546 1840 2579 dilectus
1868 2546 1972 2578 frater
1994 2550 2025 2577 et
2047 2555 2133 2587 sym-

1157 2593 1254 2625 mista
1275 2598 1391 2625 noster
1412 2591 1455 2624 D.
1484 2590 1648 2623 Iohannes
1671 2589 1884 2623 Marbachius
1907 2587 2030 2626 attulit,
2052 2587 2134 2621 uidi-
