2299 2921
119 134 182 167 441
620 129 673 160 ΙΙΙ.

120 234 184 260 etc.
201 229 253 265 ⁷⁰)
297 225 339 256 Et
364 224 440 265 [sol.
464 223 545 262 96²]
571 221 706 254 Galatas
729 223 761 253 5.
785 223 819 252 ln
841 221 1012 258 libertate,
1036 231 1101 262 qua
1125 258 1126 268 ¹

122 270 274 302 Christus
300 278 361 300 vos
383 267 555 304 liberauit,
585 272 691 303 state,
721 274 782 295 nec
799 266 850 302 ⁷¹)
879 274 998 295 rursus
1023 264 1100 305 iugo

121 312 290 345 seruitutis
319 309 538 352 implicemini.

121 408 183 430 nes
206 395 338 428 fuerunt
361 397 402 427 de
426 396 478 426 die
501 400 675 436 pascam-2,
698 393 740 424 (le
762 391 935 430 fermento,
960 397 993 422 et
1015 402 1102 422 nunc

124 438 248 472 similes
273 439 504 471 contentiones
527 435 650 468 multae
674 441 810 467 exortae
834 441 920 465 sunt.

212 494 353 530 Quintus
388 504 492 524 error.
547 493 756 529 Acceditw)
789 492 831 521 ad
866 491 994 532 priores
1034 492 1102 531 opi-

124 539 240 570 niones
275 544 308 569 et
348 537 401 568 hic
418 539 470 570 ⁷³)
504 545 614 572 error,
656 535 743 576 quod
778 533 935 574 Episcopi
971 539 1103 564 sumunt

124 582 245 613 sibi⁷⁴i
270 585 466 622 potestatem
490 578 680 610 instituendi
706 587 811 608 nouos
835 576 955 613 cultus,
975 583 1007 607 et
1022 575 1102 608 obli-

124 624 226 666 gandi
250 622 485 660 conscientias,
510 627 544 653 ut
565 620 749 661 Gregorius
772 620 958 656 constituit,
982 626 1018 650 ut
1040 629 1104 650 ma-

124 668 177 698 riti
207 664 358 697 translati
387 665 429 695 ad
455 665 602 694 ordinem
631 663 901 704 presbyterorum
940 661 1102 703 relinque-

124 715 199 740 rent
222 708 493 740 consuetudinem
517 707 706 748 coniugum,
726 711 758 736 et
778 705 970 737 constitutio
989 707 1038 744 7⁶)
1063 705 1104 736 de

125 750 356 789 confessione,
389 750 549 791 praecipit
578 750 873 787 enumerationem,
909 755 942 780 et
968 749 1103 780 decreta

124 794 217 826 facta
240 799 317 825 sunt
339 793 380 824 de
404 792 592 824 discrimine
611 793 771 829 ciborum,
788 794 839 826 ⁷³¹)
863 800 893 823 et
908 792 1028 823 ieiunio
1041 799 1102 823 etc.

124 837 177 869 De
202 836 321 868 talibus
344 836 575 867 traditionibus
600 835 678 875 [fol.
705 835 788 873 96¹³]
819 836 914 866 etiam
946 833 1018 866 libri
1049 845 1103 865 ex-

125 886 196 912 tant
214 886 366 911 recentes
391 878 477 920 pleni
506 877 784 919 labyrinthorum,
816 879 847 908 in
877 879 996 919 quibus
1025 878 1105 909 scri-

126 924 213 955 bitur
242 928 380 963 peccata
413 921 564 952 mortalia
592 931 670 952 esse
699 919 896 952 violationes
925 919 1037 951 talium
1067 920 1104 950 ri-

126 972 216 997 tuum
240 966 336 996 etiam
361 971 455 995 extra
487 974 601 995 casum
632 963 791 994 scandali.
847 963 979 994 Grerson
1007 973 1106 1004 quae-

125 1009 202 1040 siuit
224 1010 392 1043 ἐπιεικείας.
430 1007 495 1038 Sed
519 1017 598 1037 vera
621 1005 807 1037 consolatio
832 1013 884 1037 est
907 1016 973 1037 vox
997 1005 1105 1036 Euan-

126 1050 221 1093 gelij,
245 1061 329 1092 quae
352 1049 423 1081 vult
445 1049 533 1081 hunc
562 1048 764 1081 intellectum
793 1048 952 1080 libertatis
981 1050 1013 1080 in
1045 1048 1105 1079 Ec-

126 1093 230 1125 clesia
252 1099 365 1124 notum
389 1103 466 1124 esse
489 1099 521 1123 et
550 1093 758 1128 conseruari,
789 1091 942 1123 videlicet
970 1092 1105 1122 remotis

125 1135 191 1167 illis
215 1137 397 1174 erroribus,
421 1137 461 1167 de
484 1136 603 1176 quibus
632 1135 753 1165 dictum
783 1141 851 1172 est,
880 1135 963 1165 ritus
991 1133 1106 1165 huma-

125 1189 188 1210 nos
221 1179 383 1210 honestos
419 1179 543 1210 ordinis
575 1187 677 1208 causa
710 1177 819 1208 factos
848 1178 975 1208 seruari
1005 1186 1107 1218 posse

125 1223 198 1253 sine
231 1223 385 1263 opinione
419 1221 541 1257 meriti,
577 1219 721 1251 cultuum
751 1226 782 1251 et
816 1220 1044 1258 necessitatis,
1074 1226 1108 1251 ut

125 1275 228 1306 supra
252 1266 372 1296 dictum
400 1270 451 1295 est
478 1274 517 1294 ex
550 1262 684 1294 coloss.
702 1265 754 1297 77)
801 1263 904 1294 Nemo
935 1273 997 1294 vos
1026 1264 1107 1294 iudi-

126 1314 178 1339 cet
200 1308 233 1338 in
257 1308 331 1340 cibo
355 1314 410 1338 aut
429 1313 509 1347 potu
528 1312 592 1336 ete.
627 1305 668 1336 Et
685 1305 803 1336 Petrus
817 1306 929 1346 inquit,
946 1308 997 1341 ⁷⁶)
1022 1306 1108 1341 Quid

125 1351 258 1381 tentatis
288 1350 383 1380 deum
414 1350 622 1390 imponentes
651 1349 762 1389 iugum
794 1349 979 1379 ceruicibus
1010 1349 1106 1379 disci·
1132 1378 1134 1382 ,

126 1391 292 1434 pulorum,
315 1392 404 1433 quod
427 1401 533 1433 neque
556 1397 670 1432 patres
701 1391 801 1421 vestri
833 1391 908 1431 [fol.
937 1390 1020 1430 97³]
1051 1402 1107 1422 ne-

127 1445 192 1476 que
215 1444 277 1466 nos
301 1440 435 1475 portare
457 1435 632 1475 potuimus.

213 1489 322 1520 Tertia
345 1489 473 1530 regula.
509 1489 656 1520 Remotis
681 1490 850 1520 erroribus
874 1488 951 1527 illis,
976 1490 1017 1520 de
1040 1490 1107 1531 qui-

126 1533 189 1564 bus
223 1532 336 1562 doceri
370 1531 555 1562 Ecclesiam
592 1541 731 1562 necesse
766 1538 834 1568 est,
874 1539 991 1572 postea
1025 1534 1108 1564 ritus

127 1573 256 1616 aliquos
278 1574 442 1605 honestos
468 1574 543 1605 boni
569 1574 694 1605 ordinis
718 1584 819 1605 causa
850 1573 958 1605 factos
983 1581 1014 1606 et
1038 1586 1107 1606 ser-

128 1627 243 1649 uamus
267 1623 299 1648 et
321 1618 506 1648 seruandus
530 1626 608 1647 esse
631 1617 806 1655 docemus,
831 1624 862 1648 ut
881 1618 932 1655 ⁷⁴³)
961 1619 1033 1648 sine
1056 1629 1106 1649 or·
1132 1634 1133 1645 ἢ

126 1660 201 1691 dine
234 1660 347 1691 uiuere
377 1660 528 1690 homines
544 1661 596 1697 ⁸⁰)
630 1670 695 1691 non
726 1666 884 1700 possunt,
918 1667 950 1691 et
985 1660 1107 1692 Paulus

126 1702 311 1744 inquit,8¹)
345 1702 465 1734 Omnia
494 1703 617 1734 decore
651 1708 683 1734 et
709 1703 825 1734 ordine
861 1704 1022 1741 fiantsffl)
1067 1703 1108 1735 Et

127 1867 173 1898 70)
193 1865 252 1899 etc]
272 1868 308 1890 sic
326 1866 408 1895 Cod.;
429 1866 460 1890 ab
479 1873 547 1889 omn.
569 1865 650 1889 Editt.
670 1865 744 1890 abest.

127 1909 173 1939 71)
193 1909 251 1940 nec]
274 1909 322 1932 Ed.
344 1909 383 1931 7.:
403 1916 435 1932 ne

126 1952 173 1983 72)
193 1959 274 1975 error.
309 1951 430 1982 Accedit]
450 1952 532 1976 Editt.
554 1953 628 1976 1—5.
650 1953 688 1976 8.:
708 1960 780 1976 error
798 1954 900 1977 accedit

127 1995 174 2026 73)
194 1995 329 2025 opiniones
355 1998 379 2017 ct
404 1994 456 2025 hic]
482 1995 560 2018 Editt.
581 1996 655 2018 1—3.
676 1996 714 2019 8.:
739 1996 882 2026 opiniones.
908 1997 972 2026 Hic,
997 1996 1046 2020 Ed.
1068 1997 1106 2020 5.:

197 2029 340 2058 opiniones.
378 2028 410 2052 Et
429 2028 471 2051 hic

127 2071 173 2102 74)
194 2076 297 2094 sumunt
316 2070 376 2103 sibi]
395 2073 431 2095 sic
449 2072 531 2101 Cod.;
551 2079 620 2096 omn.
640 2072 736 2096 Editt.:
755 2073 802 2097 sibi
821 2078 926 2097 sumunt

128 2113 174 2144 75)
195 2113 354 2147 constitutio]
375 2116 411 2137 sic
429 2114 496 2138 Cod.
518 2122 548 2138 ex
566 2114 628 2138 Mel,
650 2115 826 2146 emendatione,
852 2116 935 2141 scriba
960 2118 1020 2140 enim
1046 2118 1105 2141 scri<

193 2152 292 2180 pserat:
313 2149 444 2173 constituo

127 2190 174 2222 76)
195 2191 321 2222 ciborum]
350 2191 431 2215 ecriba
457 2192 604 2223 scm'pssersst:
637 2193 767 2221 carnium,
798 2192 843 2217 hoc
872 2193 935 2218 Mel.
966 2194 1053 2219 delevit
1084 2199 1106 2219 et

196 2233 272 2257 supra
291 2227 403 2258 scripsit:
423 2227 538 2249 ciborum

127 2267 173 2299 77)
193 2275 225 2291 ex
245 2268 361 2299 Coloss.]
386 2268 465 2292 Editt.
486 2269 509 2292 5.
530 2269 553 2293 7.
574 2270 599 2292 in
622 2272 691 2292 textu
715 2269 786 2293 adila
813 2278 867 2301 cap.
891 2271 926 2300 2.,
951 2271 1001 2294 Ed.
1021 2271 1044 2295 6.
1068 2279 1106 2295 so-

197 2302 244 2325 lum
263 2310 340 2327 mim:
362 2305 389 2332 ἓ,
408 2303 456 2326 Ed.
477 2305 500 2326 4.
521 2302 582 2327 hunc
600 2311 663 2327 num.
684 2311 738 2335 cap.
759 2305 784 2327 in
802 2313 880 2336 marq.
901 2304 980 2329 babet.

127 2345 174 2376 78)
194 2345 289 2376 iuquit]
307 2346 356 2369 Ed.
374 2347 399 2368 4.
420 2346 444 2368 ιἰι
463 2354 553 2378 πιαν9.,
572 2346 653 2370 Edjtt.
668 2347 744 2371 5-7.
764 2347 790 2369 in
808 2350 877 2371 textu
895 2347 969 2372 adda
989 2348 1048 2373 Aet.
1067 2349 1105 2373 15.

128 2387 174 2418 79)
194 2386 231 2420 ut]
250 2388 299 2412 Ed.
320 2388 358 2412 7.:
378 2396 436 2412 uam
582 2416 586 2419 ¹

125 2430 173 2461 80)
193 2431 281 2454 uiuere
300 2430 429 2463 homiues]
448 2432 484 2454 sic
502 2430 582 2461 Cod.;
602 2440 672 2456 omn.
691 2432 788 2457 Editt.:
808 2434 925 2457 homines
944 2435 1032 2458 viuere

128 2472 173 2503 81)
194 2473 367 2530 igquithEd.
393 2476 417 2497 4.
445 2475 471 2498 in
495 2483 589 2506 mary.‚
617 2475 698 2499 Editt.
726 2476 801 2500 5—7.
831 2477 856 2500 in
880 2480 950 2501 textu
975 2477 1050 2502 add.:
1084 2479 1106 2501 1.

220 2515 257 2531 or.
312 2526 318 2531 .

127 2550 174 2580 82)
195 2550 288 2573 decore
307 2554 333 2573 et
351 2551 442 2574 ordine
460 2550 544 2584 finnt]
563 2553 600 2576 cic
617 2552 681 2577 Cod.
703 2557 725 2577 et
743 2554 910 2582 Editt.4.6.;
931 2558 990 2579 cett.
1008 2554 1105 2579 Edita:

196 2583 259 2608 fiant
279 2585 373 2609 decore
392 2589 418 2608 et
438 2586 538 2610 ordine.

719 126 950 160 REPETlTlO
975 124 1292 158 CONFESSIONIS
1315 122 1632 155 AUGUSTANAE.

584 308 624 339 Et
653 308 762 349 opinio
792 307 1004 338 necessitatis
1035 317 1102 337 ina-
1125 317 1127 356 ᾧ

123 365 208 398 guas
232 354 417 386 discordias
441 362 573 393 semper
595 352 738 392 peperit,
759 355 794 381 ut
817 348 894 380 olim
919 350 1100 380 eontentio·
1126 362 1127 371 π

2068 121 2134 153 442

1153 224 1242 250 extat
1276 216 1451 256 Athanasij
1488 217 1630 254 dictum,
1663 214 1772 247 Vtiles
1802 221 1879 245 sunt
1916 215 2134 253 ceremoniae,

1125 290 1127 309 J
1152 261 1213 293 sed
1236 271 1310 293 cum
1334 260 1522 301 cognitione
1545 259 1695 290 veritatis
1719 263 1750 288 ct
1774 257 2014 289 mediocritate.

1239 312 1334 343 Hauc
1367 321 1483 342 vocem
1517 316 1655 351 apparet
1689 309 1877 350 oppositam
1916 317 1993 338 esse
2022 317 2133 348 super-

1152 355 1356 393 stitioni,3³)
1381 363 1466 395 quae
1485 359 1564 385 tunc
1579 354 1633 390 ε’4)
1657 362 1790 394 quoque
1813 351 1958 392 augebat
1988 360 2135 383 ceremo-

1152 398 1226 428 nias
1250 403 1281 428 et
1305 397 1508 428 obscurabat
1530 396 1702 426 veritatem
1726 400 1758 425 et
1781 394 1942 425 onerabat
1962 394 2136 424 conscien-

1127 448 1130 486 ι
1154 440 1216 470 tias
1240 446 1274 471 et
1296 438 1478 471 Ecclesias.

1128 489 1130 535 Ι
1240 491 1380 533 Agimus
1411 496 1519 522 autem
1548 489 1675 532 gratias
1707 488 1769 519 deo
1795 494 1933 518 aeterno
1962 487 2046 527 patri
2079 488 2137 517 do-

1128 535 1231 577 lmini
1264 534 1369 565 nostri
1403 534 1478 564 lesu
1512 531 1657 568 Christi,
1695 530 1774 571 [fol.
1798 531 1881 568 97¹³]
1919 531 1973 571 qui
2003 536 2137 570 propter

1128 576 1255 608 lfilium
1290 583 1323 608 et
1356 586 1416 617 per
1449 586 1524 607 eum
1565 581 1733 606 aeternam
1775 572 1965 604 Ecclesiam
2001 571 2136 614 colligit,

1155 620 1246 661 quod
1269 620 1344 650 inde
1367 629 1474 659 usque
1498 619 1539 649 ab
1564 618 1655 649 initio
1679 617 1812 658 generis
1836 615 1969 646 humani
2003 625 2137 646 conser-

1156 663 1314 702 uauitffi)
1349 660 1516 703 publicum
1551 660 1766 692 ministerium
1795 657 1990 699 Euangelij,
2023 663 2055 689 et
2083 658 2136 689 ho-

1156 711 1273 738 nestos
1297 715 1522 749 congressus,
1552 705 1607 747 qui
1636 704 1708 745 ipse
1738 702 1835 734 etiam
1866 702 2012 734 distinxit
2037 710 2138 743 quae-

1157 750 1231 780 dam
1256 757 1421 790 tempora,
1450 755 1482 780 et
1504 757 1637 780 oramus
1661 758 1752 784 eum,
1782 751 1816 777 vt
1839 746 1996 786 deinceps
2027 749 2139 776 seruet

1158 799 1188 823 et
1217 800 1309 834 regat
1344 791 1548 830 Ecclesiam,
1581 797 1612 822 et
1646 790 1795 821 studiose
1809 790 1862 826 86)
1897 789 2073 825 docemus,
2105 792 2140 818 vt

1158 845 1273 866 omnes
1303 836 1460 866 adiuuent
1495 834 1783 865 conseruationem
1812 830 1936 873 publici
1967 830 2137 869 ministerij

1158 884 1191 909 et
1226 879 1327 909 vitent
1366 876 1526 908 scandala
1560 883 1590 907 et
1620 876 1871 917 dissipationes,
1903 881 1937 905 vt
1965 883 2027 904 suo
2063 871 2139 904 loco

1159 921 1327 960 copiosius
1352 921 1480 951 dicitur.
1496 921 1549 957 87)

1463 1068 1512 1100 De
1547 1066 1607 1100 vita
1643 1065 1831 1098 monastica.

1245 1168 1430 1198 Omittimus
1454 1166 1637 1208 longiorem
1662 1165 2006 1196 commemorationem
2026 1165 2066 1196 tle
2086 1174 2139 1195 ve-

1157 1211 1281 1242 teribus
1305 1209 1453 1251 historijs
1477 1220 1608 1246 eorum,
1637 1209 1691 1250 qui
1716 1207 1770 1239 vel
1794 1209 1825 1238 in
1855 1207 2066 1239 solitudinem
2089 1217 2140 1238 se·

1158 1254 1420 1291 cesserunt,³³)
1462 1259 1495 1283 ut
1530 1253 1711 1289 Antonius,
1747 1250 1801 1282 vel
1841 1249 1983 1292 collegia
2022 1248 2141 1282 similia

1158 1295 1285 1328 scholis
1309 1296 1521 1327 instituerunt
1546 1294 1620 1333 [fol.
1643 1294 1726 1333 982¹]
1756 1300 1849 1325 extra
1881 1294 2048 1325 ciuitatum
2076 1292 2139 1324 fre·

1159 1339 1343 1380 quentiam,
1378 1348 1411 1370 vt
1446 1338 1602 1369 Basilius·
1661 1336 1756 1368 Aliae
1790 1337 1876 1368 enim
1909 1336 1984 1377 alijs
2019 1345 2141 1368 causae

1157 1382 1288 1413 suerunt
1313 1381 1501 1412 secedendi.
1549 1381 1600 1412 De
1623 1381 1855 1422 praesentibus
1879 1380 2050 1411 monachis
2075 1380 2138 1410 iam

1157 1424 1348 1466 loquamur,
1373 1425 1427 1465 qui
1451 1425 1580 1455 minime
1604 1429 1682 1455 sunt
1704 1424 1735 1454 in
1760 1422 1947 1454 solitudine.
1991 1421 2143 1464 collegia

1158 1473 1236 1499 sunt
1268 1466 1434 1498 hominum
1468 1466 1520 1498 vel
1559 1468 1731 1498 doctorum
1773 1465 1827 1497 vel
1867 1466 2074 1496 indoctorum
2109 1466 2141 1495 in

1158 1511 1265 1542 media
1308 1509 1381 1541 luce
1416 1516 1446 1540 et
1486 1509 1672 1552 frequentia
1714 1509 1918 1540 commodius
1953 1509 2144 1546 viuentium‚

1160 1564 1258 1595 quam
1282 1554 1465 1591 viuuntflv)
1487 1552 1542 1594 alij
1574 1553 1735 1583 homines.
1782 1552 1912 1583 Habent
1942 1550 2141 1592 voluptates,

1160 1606 1243 1637 quas
1267 1601 1426 1635 expetunt
1447 1595 1502 1637 alij
1527 1594 1629 1633 alias,
1659 1602 1691 1625 et
1715 1593 1818 1626 multo
1848 1593 1924 1634 plus
1951 1595 2015 1635 ocij
2045 1603 2143 1634 quam

1160 1640 1260 1670 ceteri
1285 1639 1435 1669 homines
1458 1640 1490 1669 in
1514 1639 1582 1669 vita
1604 1637 1738 1679 politica
1762 1643 1795 1668 et
1817 1637 2045 1668 oeconomica.
2092 1636 2143 1667 Ne

1160 1682 1221 1722 ipsi
1256 1682 1387 1722 quidem
1422 1682 1485 1712 iam
1519 1679 1574 1712 illa
1608 1679 1746 1712 ridicula
1776 1680 1925 1712 encomia
1958 1680 1999 1710 de
2034 1678 2142 1720 perse-

1161 1725 1286 1762 ctione,
1310 1730 1341 1755 et
1365 1725 1406 1755 de
1430 1725 1497 1755 vita
1521 1723 1776 1764 contemplatiua
1800 1724 1841 1754 ad
1865 1733 1903 1754 se
1927 1721 2141 1760 transferunt,

1160 1887 1206 1917 83)
1226 1887 1300 1910 Hanc
1320 1895 1411 1910 vocem
1432 1901 1459 1904 -
1481 1887 1670 1917 superstitioni]
1689 1886 1748 1910 haec
1766 1886 1841 1910 verba
1854 1886 1915 1909 Mel.
1936 1886 1961 1908 in
1981 1894 2060 1917 mary.
2080 1887 2141 1910 scri.

1227 1922 1278 1952 psit
1298 1929 1345 1952 pro
1364 1921 1444 1945 verbis
1470 1920 1534 1945 liisce
1553 1921 1585 1945 ab
1607 1922 1660 1952 ipso
1684 1920 1781 1944 deletis:
1807 1921 1839 1943 Et
1865 1920 1973 1951 adparet
1998 1921 2142 1951 oppositam

1229 1963 1284 1978 esse
1303 1956 1369 1979 hanc
1388 1963 1478 1979 vocem
1498 1956 1676 1986 superstitioni
1694 1963 1756 1986 quae
1773 1954 1857 1978 scriba
1874 1956 1978 1977 <intesta
1997 1956 2141 1986 scripserat.

1160 1998 1206 2029 84)
1226 1997 1296 2031 tunc]
1315 1998 1394 2022 Editt.
1420 2001 1440 2023 1.
1461 1999 1484 2022 2.
1505 1999 1543 2023 8.:
1564 2006 1631 2021 nunc

1160 2041 1206 2073 85)
1227 2041 1400 2072 conseruauit]
1421 2040 1502 2064 scriba
1522 2042 1669 2072 scripserat:
1696 2041 1876 2069 conscrnatio,
1903 2040 1974 2064 cuins
1992 2041 2058 2064 vocis
2083 2048 2141 2071 pnr-

1228 2079 1274 2099 tem
1294 2079 1425 2100 extremam
1445 2078 1480 2100 tio
1500 2076 1561 2099 Mel.
1581 2075 1667 2099 delevit
1688 2078 1709 2099 et
1730 2083 1806 2106 supra
1826 2074 1938 2107 scripsit:
1959 2076 1996 2097 uit

1159 2118 1205 2148 86)
1225 2117 1351 2151 studiose]
1372 2119 1417 2142 Ed⁴
1440 2119 1463 2142 6.
1482 2120 1544 2142 male
1562 2119 1714 2142 disiunctim:
1735 2118 1819 2141 studio
1839 2124 1867 2140 se

1160 2162 1208 2192 87)
1229 2160 1343 2193 dicitur-⁴]
1364 2162 1442 2185 Editt.
1466 2162 1539 2185 1—3.
1561 2162 1598 2185 8.:
1619 2162 1728 2184 <liceum
1767 2160 1795 2183 In
1821 2161 1932 2191 margine
1950 2161 2050 2185 laterali
2072 2161 2141 2191 infra

1131 2176 1134 2229 l
1230 2195 1291 2219 hunc
1310 2196 1386 2219 locum
1406 2195 1557 2219 Melantbon
1577 2196 1744 2227 “discripserat
1764 2194 1863 2219 haecce:
1883 2196 1962 2219 Extat
1970 2199 2056 2218 autem
2075 2195 2140 2218 liber

1132 2233 1134 2241 *
1229 2231 1269 2253 cui
1290 2231 1378 2253 titulus
1397 2234 1433 2253 est
1453 2230 1576 2261 Agenda,
1601 2231 1627 2253 in
1651 2238 1701 2260 quo
1728 2230 1807 2253 series
1833 2230 1929 2253 vsitata
1952 2230 2090 2258 festorum,
2116 2233 2140 2252 et

1131 2244 1134 2289 l
1228 2265 1323 2287 rituum
1342 2265 1367 2288 in
1388 2266 1482 2288 nostris
1507 2265 1629 2296 Ecclesijs
1654 2265 1785 2288 recitatur.
1822 2263 1959 2288 Praeterea
1981 2265 2006 2287 iu
2029 2263 2141 2295 maryiue

1228 2300 1346 2330 inferiore
1364 2298 1424 2322 haec
1442 2299 1623 2331 ‹tdtcripseratz
1643 2299 1705 2322 haec
1724 2298 1804 2323 verba
1828 2299 1972 2330 petiuerunt
1996 2298 2040 2330 alij
2066 2301 2140 2322 extra

1228 2333 1294 2357 hanc
1313 2334 1438 2357 ditionem
1457 2333 1554 2364 omitti,
1573 2334 1635 2365 quia
1653 2334 1701 2365 ipsi
1720 2341 1771 2357 non
1791 2333 1910 2357 viderunt.
1929 2340 1984 2356 eam
2003 2333 2140 2363 Agendum

1228 2375 1274 2391 nec
1295 2369 1382 2392 omnia
1401 2369 1550 2392 obseruant.
1589 2367 1696 2400 Utraque
1715 2371 1793 2392 antem
1812 2367 1899 2391 deinde
1917 2367 2014 2396 delevit,
2034 2370 2141 2390 attamen

1229 2404 1301 2426 iuxta
1320 2403 1399 2426 altera
1419 2403 1494 2427 verba
1513 2411 1528 2426 a
1547 2402 1637 2427 dextra
1656 2404 1750 2434 siqnum
1770 2411 1783 2425 α
1803 2405 1891 2433 quater
1915 2401 2051 2426 adnotavit.
2088 2400 2139 2424 Ho-

1227 2445 1281 2459 rum
1309 2436 1436 2461 verborum
1469 2441 1562 2460 tamum
1588 2438 1690 2469 priora:
1725 2437 1805 2460 Extat
1832 2440 1918 2460 autem
1945 2449 1977 2454 —
2006 2436 2138 2459 recitatur.

1229 2472 1302 2495 etiam
1320 2472 1345 2494 in
1366 2472 1445 2495 Editt.
1468 2473 1540 2495 1——3-
1560 2473 1583 2495 8.
1604 2472 1729 2503 lcyunlur3
1754 2471 1798 2495 ced
1821 2472 1846 2494 in
1872 2475 1930 2495 cett.
1959 2470 2038 2494 Editt.
2066 2477 2140 2501 neque

1132 2517 1135 2529 ι
1226 2505 1316 2536 priora
1334 2513 1410 2537 neque
1428 2505 1509 2529 altera
1526 2506 1690 2529 inve-minatur.

1132 2534 1134 2580 i
1160 2548 1206 2579 88)
1225 2548 1408 2579 secesserunt‚]
1431 2548 1510 2572 Editt.
1533 2548 1607 2573 1—3.
1628 2549 1665 2572 8.:
1686 2549 1868 2577 discesserunt,

1130 2590 1136 2618 l
1159 2590 1206 2623 89)
1226 2590 1326 2623 viuum]
1345 2592 1371 2614 in
1394 2591 1442 2615 Ed.
1462 2590 1486 2614 3.
1507 2590 1581 2616 deest.
