2299 2921
169 170 227 201 ‚35
625 169 739 203 PHlL.
762 170 867 203 MEL.
890 170 1075 202 SCRIPTA
1097 169 1366 202 DOGMATICA
1387 170 1443 202 ET
1466 171 1739 204 SYMBOLICA.
2140 172 2182 204 36

183 263 375 294 Prae-satione.
394 268 464 294 nota
483 266 516 293 9³
537 264 594 294 Ed.
615 267 643 293 5.
662 264 768 295 &inibe
790 275 842 304 pro
865 266 983 301 stenben,
1009 267 1078 292 nota
1098 265 1151 292 22³
1173 262 1230 292 Ed.
1258 266 1285 293 5.
1306 268 1365 294 wuss
1390 274 1441 303 pro
1465 268 1528 300 baa,
1558 269 1627 296 nota
1651 267 1715 299 26„
1743 267 1793 295 ubi
1823 275 1881 295 vox
1906 267 1993 305 gruub
2019 267 2047 294 in
2070 266 2127 295 Ed.
2150 269 2178 297 5.

185 307 290 342 deest,
312 310 341 336 ei
360 307 431 336 ibid.
452 305 543 336 Ediit.
565 309 593 336 5.
619 309 646 337 6.
666 308 711 338 bet
730 317 782 346 pro
801 310 850 343 bie,
875 311 944 337 nota
964 308 1012 335 28.
1034 306 1090 335 Ed.
1111 308 1138 335 5.
1159 308 1210 336 mir
1235 308 1267 336 ob
1287 316 1339 344 pro
1363 309 1395 337 ob
1419 311 1486 342 mir.
1505 309 1578 337 ibid.
1604 311 1670 346 biefe
1693 319 1744 347 pro
1763 310 1855 344 biefess.

630 453 657 480 6.
703 450 751 478 De
781 449 1044 478 sllelantlzonis
1072 449 1223 479 Editione
1244 452 1319 479 ‘mm'
1341 451 1431 482 1556.
1457 456 1583 481 octavae
1607 453 1734 489 formae.

338 544 421 573 Haec
440 543 497 572 Ed.
519 545 575 572 iarn
600 545 628 572 in
651 541 724 572 Vol.
743 543 858 571 XXVI.
878 552 907 580 p.
933 544 992 571 717
1013 553 1059 581 sq.
1081 543 1232 583 descripta
1253 545 1322 573 item
1347 549 1459 575 tantum
1479 544 1676 583 germanicam
1697 544 1929 574 consessionem
1953 549 1983 574 et
2001 545 2179 584 Apologiam

183 587 323 616 continet.
368 586 476 615 Varias
500 587 566 615 eius
586 585 734 614 lectiones
757 586 785 613 in
806 588 906 614 nostra
925 584 980 613 Ed.
1012 585 1181 615 afferemus.
1228 586 1310 615 Haec
1334 586 1390 616 Ed.
1413 597 1449 615 ac
1479 588 1662 626 praecedens
1687 587 1743 618 Ed.
1769 591 1796 618 5.
1820 588 1979 626 praecipue
2009 597 2046 616 ex
2070 587 2126 616 Ed.
2153 590 2179 617 3.

183 630 330 679 repetitae
352 638 424 700 lesse
451 628 601 661 videntur,
628 631 807 666 quapropter
825 627 995 657 Editionem
1017 631 1044 658 4.
1069 628 1197 666 quodam
1224 630 1287 658 iure
1315 633 1500 668 postremam
1526 630 1589 660 Ed.
1614 632 1764 660 variatam
1795 630 1962 670 Apologiae
1993 631 2180 668 germanicae

184 681 334 701 nominare
365 682 430 700 nce.

637 816 664 843 7.
711 813 760 842 De
783 814 1045 844 Melanthonis
1069 814 1217 844 Editione
1241 816 1316 843 anni
1338 815 1428 845 1558.
1452 820 1580 844 octavae
1598 818 1726 853 formae.

337 908 402 937 Hac
420 907 494 942 Ed„
519 917 607 946 quarn
632 918 669 937 ex
697 908 738 937 W
748 909 850 938 eberi
876 908 1021 938 relatione
1046 910 1074 937 in
1100 909 1169 939 Vol.
1191 909 1304 938 XXVI.
1324 919 1352 947 p.
1374 910 1433 938 721
1460 920 1506 948 sq.
1531 910 1659 938 breviter
1677 912 1833 944 recensui,
1858 911 1900 940 uti
1931 910 2003 939 mihi
2032 920 2089 939 non
2110 919 2178 939 eon-

183 952 264 990 tigit,
283 961 349 981 nam
370 951 529 989 hucusque
547 961 612 980 eam
632 961 690 979 nou
709 951 780 981 vidi.

336 1094 447 1124 Harum
470 1099 588 1134 septem
607 1094 779 1125 Editionum
802 1105 858 1124 sex
880 1096 1013 1134 priores,
1034 1104 1109 1134 quas
1133 1096 1219 1125 solas
1239 1096 1268 1124 in
1295 1097 1432 1125 manibus
1453 1096 1559 1129 habeo,
1580 1097 1607 1125 in
1628 1097 1769 1126 varietate
1796 1096 1957 1126 lectionum
1981 1097 2181 1126 adscribenda

182 1139 325 1172 numeris,
344 1148 422 1176 quos
441 1147 532 1176 supra
552 1138 589 1166 iis
609 1138 742 1176 praefixi,
765 1138 810 1166 sic
828 1138 1022 1176 significabo:
1046 1138 1108 1166 Ed.
1128 1142 1153 1169 1.
1184 1138 1254 1177 (Ed.
1285 1141 1373 1168 1531.
1400 1140 1463 1173 4⁰),
1495 1137 1553 1168 Ed.
1580 1141 1611 1170 2.
1643 1139 1714 1173 (Ed.
1742 1142 1832 1169 1533.
1860 1142 1925 1176 8⁰),
1956 1138 2021 1169 Ed.
2044 1143 2076 1171 3.
2108 1139 2178 1177 (Ed.

185 1183 274 1210 1540.
296 1182 360 1217 80),
391 1179 452 1209 Ed.
472 1181 503 1209 4.
524 1180 594 1217 (Ed.
618 1183 706 1210 1540.
731 1182 797 1217 40),
829 1179 889 1209 Ed.
912 1184 941 1211 5.
966 1179 1036 1217 (Ed.
1061 1183 1150 1210 1550.
1171 1184 1236 1220 80),
1268 1180 1329 1209 Ed.
1349 1184 1380 1212 6.
1406 1180 1475 1217 (Ed.
1502 1183 1592 1211 1556.
1618 1184 1676 1217 80).

336 1221 412 1251 Curn
436 1223 494 1252 hae
516 1222 686 1257 Editiones,
714 1232 835 1261 quarum
856 1224 983 1252 varietas
1009 1223 1157 1252 afferenda
1180 1228 1244 1259 est.
1278 1225 1305 1252 in
1332 1225 1487 1253 verborum
1513 1225 1676 1263 scriptione
1703 1226 1776 1253 inter
1799 1233 1834 1252 se
1860 1223 2014 1264 paulisper
2032 1224 2179 1258 differant,

182 1265 279 1294 varias
299 1275 399 1294 earum
423 1265 573 1295 lectiones
592 1276 650 1294 non
670 1265 834 1294 secuudum
860 1265 917 1295 Ed.
939 1268 980 1300 2.,
1007 1266 1036 1294 id
1060 1266 1141 1304 quod
1161 1268 1188 1295 in
1214 1266 1307 1295 latina
1330 1266 1482 1306 Apologia
1512 1266 1586 1300 feci,
1614 1267 1669 1295 sed
1694 1267 1858 1296 secuudum
1885 1265 1941 1296 Ed.
1968 1269 1994 1296 4.
2020 1272 2060 1303 (a.
2088 1268 2178 1296 1540.

183 1310 249 1342 40),
269 1318 347 1346 quae
370 1318 470 1337 earum
487 1312 645 1346 postrema
669 1308 813 1347 appellari
833 1312 952 1347 potest,
972 1310 1013 1338 ita
1032 1309 1152 1339 afferam
1166 1332 1173 1343 ‚
1194 1315 1241 1342 ut.
1274 1310 1445 1347 ubicunque
1470 1309 1527 1338 alia
1551 1309 1722 1339 collatarum
1741 1309 1913 1339 Editionuni
1937 1319 1994 1338 non
2019 1309 2086 1338 sola
2108 1310 2179 1338 scri—

181 1351 294 1389 ptione,
314 1350 371 1379 sed
393 1361 468 1379 voce
489 1352 555 1389 ipsa
577 1355 628 1379 aut
649 1351 846 1380 membrorum
866 1352 1008 1381 orationis
1028 1362 1079 1390 per
1102 1353 1189 1391 signa
1216 1352 1367 1381 divisione
1390 1352 1427 1380 ab
1453 1351 1507 1381 Ed.
1530 1354 1555 1380 4.
1575 1352 1704 1386 differat,
1732 1352 1807 1381 hanc
1832 1352 2036 1381 diversitatem
2061 1352 2178 1380 uncinis

182 1392 327 1423 inclusam
347 1395 413 1423 suis
436 1393 513 1422 locis
532 1394 708 1423 adscribam.

335 1436 525 1466 Lutherus
549 1437 577 1465 in
603 1446 660 1465 suo
687 1436 843 1475 exemplo,
871 1437 950 1475 quod
974 1437 1002 1466 iu
1026 1436 1096 1466 Vol.
1122 1438 1253 1468 XXVII.
1273 1447 1302 1477 p.
1328 1440 1384 1466 401
1409 1447 1476 1476 sqq.
1504 1438 1670 1467 accuratius
1697 1438 1862 1476 descripsi,
1887 1437 2076 1475 germanicae
2100 1437 2179 1475 Apo-

180 1478 281 1516 logiae
299 1489 387 1508 unam
407 1483 519 1508 tantum
538 1480 760 1509 annotationem
779 1479 830 1509 sol.
857 1481 883 1510 *B
904 1482 936 1508 3³
958 1479 996 1508 ad
1022 1481 1127 1510 verba:
1154 1483 1179 1517 so
1199 1483 1265 1519 lang
1290 1482 1339 1511 mir
1366 1482 1435 1516 nicht
1458 1490 1514 1511 nrm
1540 1482 1638 1518 gebul-n
1665 1483 1785 1515 werhen.
1814 1489 1891 1519 quae
1919 1480 1959 1508 ibi
1983 1479 2033 1508 lin.
2061 1479 2107 1509 12.
2131 1480 2178 1507 13.

181 1520 338 1560 leguntur,
358 1522 385 1550 in
410 1523 541 1560 margine
564 1522 694 1556 addidit,
715 1531 802 1561 quarn
822 1522 896 1551 infra
914 1532 970 1551 suo
990 1522 1057 1552 loco
1076 1523 1205 1552 afferam.
