2299 2921
188 130 250 162 271
845 125 1033 159 PHILIPPI
1054 126 1372 162 MELANTHONIS
1391 127 1549 162 OPERA.

233 227 307 256 Heri
330 226 460 262 aurigam
479 224 616 253 conduxi.
647 222 716 257 VII,
743 222 831 252 1072.

231 270 306 299 Heri
325 267 464 306 Cygneae
486 272 565 295 tuam
587 265 751 303 epistolam.
786 264 855 299 VII,
876 265 947 294 914.

232 313 306 341 Heri
329 312 388 349 legi
412 310 568 348 epistolam
591 310 726 337 doctoris.
758 307 812 342 VI,
837 306 906 335 326.

232 355 307 384 Heri
330 355 431 382 literas
455 353 556 390 accepi
579 361 596 379 a
615 351 676 378 viro
699 351 795 378 docto.
830 349 915 385 VIII,
942 351 1011 380 694,

231 399 290 427 Hic
311 397 479 426 tabellarius
502 405 539 423 ex
558 395 672 422 ducatu.
711 392 763 428 VI,
787 393 858 421 481.

231 441 327 470 Hodie
350 439 518 468 Bremensis
541 436 741 466 scholasticus.
772 434 843 471 ΥΠ,
865 436 955 465 1037.

231 484 330 513 Hodie
352 482 490 510 nuncium
513 481 550 508 ad
573 488 625 507 vos
647 488 720 507 meo.
753 477 823 514 VII,
849 478 939 507 1154.

231 527 294 555 Iam
317 525 474 554 accersitus
496 532 559 551 sum
582 522 619 549 ad
641 522 810 550 Ascanium.
844 519 897 556 VI,
921 521 992 550 395.

231 569 265 598 In
286 569 380 597 Asina
402 576 453 605 per
475 567 555 594 vicos
579 565 696 602 (fragm.
722 566 792 602 ep.).
826 563 895 598 VII,
924 564 1011 592 1065.

231 613 265 641 In
289 611 391 640 Hosea
411 610 550 647 scriptum
574 612 625 636 est.
658 607 711 641 VI,
735 608 807 636 473.

232 656 290 684 Iter
312 654 461 691 ingredior
485 652 562 689 quod
586 651 721 678 faustum.
752 649 805 684 VI,
831 650 900 678 604.

231 699 316 726 Meae
339 697 425 725 uxori
448 696 485 723 ad
506 695 615 722 luctum
637 702 724 721 nunc.
757 692 810 727 VI,
830 692 902 720 470.

230 740 389 769 Meministi
410 739 519 767 dictum
543 737 671 765 Pindari.
701 735 755 771 VI,
775 736 847 765 864.

231 783 391 812 Meministi
412 790 512 810 versus
535 790 553 808 a
574 779 700 808 Platone
723 779 836 807 citatos.
870 777 923 813 VI,
948 778 1018 807 678.

230 827 304 855 Mihi
326 826 399 854 fides
422 829 451 852 et
471 823 630 860 diligentia.
663 821 716 857 VI,
740 821 812 850 421.

229 870 311 898 Misit
329 868 414 897 nobis
438 867 610 896 Mattbesius
631 864 728 894 siclos.
763 863 832 899 VH,
857 864 927 892 992.

230 913 314 941 Mitto
336 911 468 939 nuntium
492 910 529 937 ad
552 918 614 937 vos.
648 907 718 942 VII,
745 908 835 935 1044.

229 956 314 984 Mitto
338 955 389 982 tibi
412 952 579 982 versiculos.
613 951 667 986 IV,
694 951 762 979 145.

229 998 326 1027 Nemo
350 1007 387 1025 ex
410 996 571 1024 Academia
590 994 718 1031 Lipsica.
751 991 820 1028 VII,
845 992 917 1021 505.

229 1041 314 1069 Nihil
337 1040 448 1074 dubito,
472 1039 558 1067 huius
582 1036 722 1074 temporis
745 1044 864 1073 agonas.
889 1034 942 1070 ΥΙ,
968 1034 1038 1063 466.

229 1083 347 1112 Novisti
366 1086 394 1110 et
414 1082 544 1111 scholam
566 1079 753 1109 Neudorferi.
785 1077 854 1113 VII,
877 1078 968 1107 1128.

229 1126 354 1155 Numeri
373 1129 440 1154 sunt
463 1124 570 1162 graeci.
598 1122 648 1152 Sic
671 1127 707 1151 et.
736 1120 821 1157 VIII,
846 1121 917 1150 349.

229 1170 404 1198 Omittamus
427 1167 568 1205 querelas,
591 1171 620 1194 et
641 1166 687 1193 iis.
722 1163 775 1199 ΥΙ,
800 1164 872 1193 567.

230 1212 367 1249 Pagellas
391 1212 531 1248 quasdam
554 1209 652 1237 attulit
668 1207 841 1236 Leonartus.
878 1205 932 1241 VI,
957 1206 1026 1234 464.

229 1255 389 1283 Pecuniam
412 1254 578 1282 Menianam
602 1253 627 1279 si
651 1250 807 1287 quaestori.
832 1248 885 1283 VI,
910 1249 982 1277 467.

230 1298 319 1326 Petiit
342 1298 384 1325 vir
406 1297 518 1325 clariss.
541 1295 629 1323 Doct.
652 1293 813 1321 Plicardus.
847 1291 900 1326 ΥΙ,
925 1291 996 1319 443.

230 1341 325 1369 Petivi
347 1350 365 1367 a
387 1340 506 1367 doctore
529 1337 745 1366 Schneidewin.
780 1333 848 1369 ΥΠ,
876 1334 965 1362 1045.

230 1383 450 1420 Philosophiam
474 1391 560 1418 apum
582 1380 634 1408 tibi
657 1379 751 1407 mitto.
787 1377 838 1412 VI,
863 1378 934 1405 453.

231 1427 355 1455 Prorsus
377 1425 425 1454 hic
447 1424 603 1453 nauticam.
639 1422 676 1457 V,
705 1420 772 1450 142.

231 1469 415 1505 Quocunque
438 1467 562 1496 consilio
581 1475 619 1494 ex
639 1464 754 1493 vicinia.
792 1463 845 1499 VI,
869 1463 939 1492 335.

231 1512 319 1548 Quod
342 1511 530 1540 concionibus
553 1517 581 1537 te
604 1508 738 1537 Davidis.
771 1505 825 1542 VI,
849 1506 921 1535 505.

231 1555 317 1591 Quod
340 1555 425 1583 faust.
449 1554 548 1590 felixq.
572 1553 619 1586 sit,
643 1550 848 1588 Erphordiam.
882 1548 921 1583 V,
947 1548 1015 1576 155.

232 1598 319 1634 Quod
341 1598 370 1625 in
392 1601 491 1625 nostra
513 1595 644 1632 Sarepta.
679 1593 731 1629 VI,
757 1594 827 1622 769.

231 1641 319 1677 Quod
341 1644 370 1668 te
393 1639 518 1668 Davidis
542 1637 738 1666 concionibus.
774 1635 827 1670 VI,
851 1634 922 1664 506.

231 1683 325 1722 Saepe
347 1685 405 1712 iam
427 1682 534 1711 veteris
558 1681 709 1709 Ecclesiae
731 1687 896 1708 aerumnas.
930 1676 1000 1712 vn,
1021 1677 1091 1705 957.

231 1727 325 1765 Saepe
348 1726 528 1762 multumque
550 1724 656 1761 cogito.
685 1722 739 1759 VI,
763 1722 834 1751 501.

231 1769 295 1799 Scis
318 1780 364 1798 me
386 1769 556 1797 dulcissimo
578 1776 663 1795 versu
686 1765 805 1794 Psalmi.
838 1763 921 1798 VIII,
949 1764 994 1792 14.

232 1812 343 1850 Scripsi
366 1812 462 1850 capita
484 1809 702 1839 consolationis.
732 1808 785 1842 VI,
810 1808 881 1836 481.

231 1854 333 1885 Sentio
357 1855 485 1883 acriores
508 1853 634 1881 dolores.
668 1850 721 1886 VI,
745 1851 817 1879 455.

232 1897 264 1927 Si
287 1898 356 1935 quid
379 1898 443 1934 opis
467 1896 589 1924 adferre.
620 1894 673 1928 VI,
697 1895 767 1923 283.

233 1940 325 1979 Spero
350 1940 557 1968 Balthasarum
579 1938 710 1965 feliciter.
743 1935 812 1969 VII,
836 1936 905 1964 874.

233 1983 326 2021 Spero
345 1992 399 2011 nos
422 1983 467 2010 vel
490 1982 587 2010 hodie.
622 1979 691 2015 VII,
714 1980 787 2008 735.

233 2026 327 2064 Spero
351 2031 378 2053 te
402 2025 550 2063 accepisse
573 2033 666 2051 meam
688 2022 855 2062 epistolam.
886 2020 955 2056 VII,
984 2020 1030 2049 12.

233 2068 383 2107 Suspicari
408 2077 459 2096 vos
478 2068 603 2096 arbitror
620 2066 725 2094 varias.
757 2064 826 2101 ΥΠ,
851 2064 922 2093 275.

233 2112 416 2141 Tabellarius
439 2115 538 2138 noster
558 2109 663 2138 attulit.
698 2108 754 2144 ΙΙΙ,
779 2108 870 2138 1233.

233 2156 327 2184 Totos
349 2155 408 2182 iam
434 2154 471 2181 14
495 2153 565 2182 dies.
602 2152 655 2187 IV,
681 2153 751 2182 149.

234 2198 320 2227 Unus
343 2197 395 2225 fuit
412 2196 546 2231 Macedo,
570 2195 658 2233 apud.
694 2195 748 2230 VI,
773 2195 843 2223 351.

234 2241 314 2270 Urbs
336 2241 374 2268 ad
398 2239 556 2276 Visurgim.
590 2237 675 2272 VIII,
696 2239 768 2267 316.

235 2283 276 2312 Ut
298 2284 413 2312 initium
435 2282 491 2310 fuit
512 2282 672 2310 Ecclesiae.
703 2280 756 2316 VI,
779 2279 850 2309 332.

236 2327 327 2354 Vetus
349 2330 393 2354 est
415 2325 547 2354 Chilonis
569 2325 687 2353 dictum.
722 2323 775 2358 VI,
801 2324 873 2352 504.

236 2369 353 2397 Vidisse
375 2374 404 2396 te
424 2368 501 2396 hanc
519 2369 645 2396 Amiam.
678 2366 720 2403 X,
743 2367 771 2396 8.

239 2412 338 2440 Vincit
359 2412 457 2448 igitur,
482 2411 590 2439 nescio.
624 2411 662 2445 V,
687 2412 758 2439 911.

239 2452 334 2484 Οὐδὲν
357 2452 450 2488 οὕτως
472 2451 652 2493 εὐφραίνειν.
690 2452 741 2488 ΥΙ,
766 2452 837 2482 295.

241 2495 285 2526 Τό
307 2498 416 2534 μέλλον
438 2495 492 2526 ἀεὶ.
525 2495 579 2531 ΥΙ,
604 2497 675 2526 369.

195 2540 356 2574 Ebnero,
380 2540 543 2568 Erasmo:

239 2583 315 2611 Dedi
337 2583 390 2611 has
413 2583 449 2610 ad
471 2588 499 2610 te
521 2583 628 2611 literas.
663 2581 686 2617 Ι,
712 2582 783 2610 797.

1263 223 1328 252 Etsi
1351 234 1397 252 me
1419 225 1475 254 hoc
1498 234 1574 253 anno
1595 235 1662 254 non.
1696 225 1736 259 II,
1762 227 1832 256 513.

1192 237 1198 324 1
1267 266 1389 295 Gaudeo
1412 268 1452 295 mi
1472 266 1505 295 E.
1531 272 1558 295 te
1579 268 1758 305 impetrasse.
1792 269 1832 304 Π,
1858 271 1928 300 707.

1266 308 1401 345 Quodam
1424 315 1587 347 temporum
1611 312 1765 340 moestitia.
1800 311 1853 347 IV,
1877 313 1950 343 839.

1222 351 1369 380 Ebnero
1393 351 1662 391 (Hieronymo)
1683 359 1717 382 et
1737 354 1914 384 Nucelio:

1266 394 1341 423 Cum
1362 395 1545 423 innumerata
1567 401 1683 425 exstent
1705 397 1735 425 in
1758 407 1811 426 me.
1841 396 1865 432 Ι,
1890 399 1961 428 937.

1222 437 1359 472 Eckio,
1382 437 1618 467 Leonhardo:

1265 480 1340 516 Etsi,
1364 490 1423 509 non
1445 481 1619 510 dubitabam.
1651 481 1691 517 Π,
1716 483 1787 512 956.

1193 541 1197 549 .
1223 522 1400 551 Eduardo
1419 523 1495 558 ΥΙ,,
1518 523 1609 562 Regi
1630 525 1805 562 Angliae:

1267 565 1352 593 Multi
1373 566 1404 593 in
1428 567 1570 595 universa.
1607 567 1657 603 VI,
1683 568 1753 597 781.

1219 608 1459 646 Egenolpho,
1483 606 1718 639 Christiano:

1262 651 1327 679 Etsi
1349 651 1553 680 dissimilitudo
1577 658 1617 681 est
1640 654 1802 682 artificium.
1836 653 1904 689 VH,
1929 654 2000 683 822.

1219 693 1370 731 Egidio,
1390 692 1577 723 Caesareo
1600 693 1890 725 Concionatori:

1263 736 1333 765 Non
1356 737 1441 774 potui
1463 737 1533 765 satis
1556 739 1681 775 copiose.
1716 738 1756 774 II,
1781 739 1851 768 381.

1219 779 1373 817 Egidio,
1397 789 1419 809 s.
1444 780 1624 818 Aegidi20,
1644 781 1807 810 Pastori:

1262 822 1405 850 Hortatus
1428 831 1502 858 sum,
1524 827 1557 850 ut
1576 823 1724 852 diaconus.
1758 823 1826 859 VII,
1853 825 1922 854 187.

1221 950 1380 988 Egnero,
1404 949 1588 979 Fabiano:

1264 993 1327 1021 Iam
1350 993 1419 1021 olim
1443 994 1501 1021 vidi
1522 994 1672 1031 pleraque.
1708 994 1760 1029 IV,
1782 996 1852 1024 950.

1221 1036 1495 1071 Ehrenfriedo,
1519 1036 1759 1074 Wolfgangoz

1264 1078 1338 1116 Legi
1356 1083 1435 1106 tuam
1460 1079 1617 1116 querelam.
1645 1079 1730 1115 VIII,
1755 1081 1826 1109 490.

1222 1121 1434 1156 Einsiedel,
1457 1121 1625 1150 Henrico
1649 1123 1705 1151 ab:

1266 1164 1320 1194 Die
1340 1164 1489 1200 &timitem
1509 1166 1535 1200 so
1555 1166 1607 1194 mir
1627 1166 1659 1195 &-
1679 1165 1831 1201 OEbtennest.
1867 1165 1918 1200 VI,
1939 1165 2011 1194 827.

1267 1208 1327 1237 (ἔτη).
1349 1207 1491 1242 OEbtenvest
1509 1208 1584 1243 sense
1602 1209 1637 1243 id)
1662 1210 1734 1238 mein
1754 1209 1903 1238 menenfen.
1933 1207 2002 1243 ΥΠ,
2021 1209 2092 1236 431.

1190 859 1199 1275 ⁸
1219 865 1399 903 Egnatio,
1423 865 1471 893 Io.
1494 864 1613 903 Bapt.:

1262 908 1327 936 Etsi
1350 908 1380 935 in
1398 907 1444 936 his
1466 908 1612 946 Europae.
1646 909 1682 944 V,
1709 910 1776 939 169.

1193 1279 1198 1294 Ι
1266 1249 1314 1285 Sd>
1337 1250 1407 1278 farm
1426 1250 1490 1283 mid)
1514 1250 1571 1286 febr
1593 1251 1666 1286 mebi
1685 1252 1820 1280 erinuetn.
1850 1250 1891 1285 ΙΙ,
1915 1252 1986 1279 603.

1194 1299 1197 1304 ¹
1223 1291 1432 1326 Einsiedel‚
1452 1292 1627 1329 Hugoldo
1645 1293 1700 1321 abt
1961 1317 1970 1323 .

1267 1335 1314 1370 &cb
1334 1334 1401 1371 Date
1422 1343 1481 1364 euct
1500 1334 1647 1369 &chremeti
1667 1343 1848 1366 vernontmen.
1882 1335 1906 1370 Ι,
1927 1336 1998 1364 546.

1265 1378 1400 1413 Εἶὶαῴὒεηι
1419 1378 1460 1407 rie
1478 1378 1563 1415 &leffe
1583 1379 1610 1407 in
1630 1381 1675 1408 bet
1694 1379 1805 1415 {Bistu-
1834 1378 1859 1412 I,
1881 1379 1951 1408 554.

1222 1420 1351 1455 Eisen,
1375 1420 1553 1449 Wernero
1577 1422 1636 1449 ab:

1264 1463 1462 1491 Familiaritas
1487 1473 1552 1492 cum
1574 1464 1659 1493 bonis
1683 1468 1719 1494 et.
1753 1462 1809 1499 IX,
1834 1465 1906 1494 547.

1222 1506 1458 1542 Eisenberg,
1481 1506 1608 1535 Petro:

1266 1547 1514 1578 commonefactio
1537 1555 1581 1578 est
1602 1551 1681 1587 apud
1699 1550 1868 1578 Pindarum.
1903 1549 1958 1584 IX,
1982 1550 2052 1578 673.

1223 1592 1447 1628 Eisenbcrg,
1470 1592 1693 1630 Wolfgango
1717 1593 1774 1620 ab:

1266 1635 1332 1663 Mea
1354 1634 1455 1663 officia
1476 1645 1535 1664 non
1559 1635 1700 1664 defutura.
1735 1635 1788 1670 IV,
1809 1636 1879 1664 811.

1223 1678 1434 1714 Eisingero‚
1458 1676 1639 1715 Casparo:

1195 1705 1198 1727 ¹
1266 1720 1341 1749 Cum
1365 1725 1393 1748 et
1414 1721 1498 1748 initia
1519 1721 1614 1749 huius.
1649 1718 1705 1755 ΙΧ,
1731 1720 1802 1748 360.

1222 1763 1374 1798 Eitzen,
1396 1763 1514 1791 Paulo
1536 1763 1594 1791 ab:

1266 1806 1391 1835 Gratam
1413 1806 1495 1834 vobis
1518 1805 1617 1834 fuisse.
1653 1804 1709 1841 IX,
1734 1806 1804 1834 439.

1266 1850 1322 1884 Εἰς
1346 1846 1453 1886 ὄμματ’
1477 1847 1565 1878 εὕνσῦ.
1602 1847 1659 1884 ΙΧ,
1683 1849 1772 1877 1080.

1224 1892 1449 1921 Emmerico:

1267 1935 1427 1963 Meministi
1451 1934 1574 1971 Stigelii,
1594 1934 1696 1971 optimi
1718 1938 1832 1971 poetae.
1862 1932 1914 1965 VI,
1936 1934 2006 1962 814.

1194 1974 1200 2032 Ι
1224 1978 1415 2016 Episcopo
1439 1978 1599 2005 cuidam:

1268 2021 1339 2049 Non
1362 2021 1461 2048 dubito
1486 2025 1513 2047 te
1533 2020 1637 2048 virum.
1672 2019 1723 2054 VI,
1748 2019 1820 2047 425.

1269 2063 1364 2099 Quam
1385 2068 1470 2100 grato
1492 2068 1610 2100 pectore
1631 2062 1803 2100 acceperim.
1836 2062 1860 2096 Ι,
1885 2061 1957 2090 209.

1224 2107 1396 2141 Erasmo,
1419 2106 1640 2140 Desiderio,
1663 2104 1930 2133 Roterodamo:

1267 2149 1342 2178 Cum
1366 2153 1468 2178 nactus
1490 2157 1585 2177 essem
1604 2152 1724 2176 certum.
1757 2147 1799 2183 11,
1819 2148 1890 2176 617.

1267 2192 1358 2221 Dolet
1379 2192 1451 2220 mihi
1473 2192 1666 2219 vehementer.
1698 2190 1724 2226 I,
1744 2192 1793 2219 59.

1267 2236 1333 2263 Etsi
1354 2236 1385 2262 in
1406 2235 1549 2271 proximis
1571 2234 1663 2262 literis
1685 2243 1806 2262 mecum.
1835 2232 1891 2267 ΠΙ,
1915 2232 1965 2260 68.

1267 2278 1333 2306 Etsi
1353 2277 1425 2306 mihi
1447 2286 1560 2314 semper
1583 2277 1664 2306 alias.
1696 2276 1722 2312 Ι,
1744 2277 1815 2305 945.

1268 2321 1338 2349 Non
1362 2321 1469 2348 iniuria
1491 2320 1621 2357 quereris
1644 2320 1680 2347 de
1704 2319 1841 2348 moribus.
1875 2317 1899 2353 I,
1924 2318 1962 2346 67
1968 2319 1996 2345 4.

1267 2363 1427 2401 Nunquam
1450 2372 1529 2391 eram
1553 2363 1722 2390 crediturus.
1752 2361 1792 2395 II,
1813 2361 1882 2390 232.

1225 2406 1388 2441 Erbach,
1411 2404 1621 2434 Comitibus
1644 2405 1702 2433 ab:

1266 2449 1331 2477 Etsi
1349 2457 1474 2485 magnae
1491 2453 1559 2477 sunt
1577 2448 1770 2477 confusiones.
1804 2445 1859 2482 IX,
1879 2447 1949 2476 390.

1267 2492 1351 2527 Quae
1372 2496 1469 2529 potest
1490 2492 1624 2520 humana.
1660 2490 1717 2526 IX,
1742 2490 1812 2520 362.

1224 2535 1382 2572 Eringo‚
1405 2534 1698 2572 Christophoro:

1266 2577 1341 2606 Cum
1363 2577 1400 2605 ab
1422 2577 1634 2614 ingratitudine.
1666 2576 1707 2612 X,
1732 2577 1759 2606 9.

2139 133 2203 166 272
