<?xml version="1.0" encoding="UTF-8"?>
<!DOCTYPE html PUBLIC "-//W3C//DTD XHTML 1.0 Transitional//EN"
    "http://www.w3.org/TR/xhtml1/DTD/xhtml1-transitional.dtd">
<html xmlns="http://www.w3.org/1999/xhtml" xml:lang="en" lang="en">
 <head>
  <title>
</title>
<meta http-equiv="Content-Type" content="text/html;charset=utf-8" />
  <meta name='ocr-system' content='tesseract 3.04.00' />
  <meta name='ocr-capabilities' content='ocr_page ocr_carea ocr_par ocr_line ocrx_word'/>
</head>
<body>
  <div class='ocr_page' id='page_1' title='image "./operaquaesupersu28melauoft/operaquaesupersu28melauoft_0385.png"; bbox 0 0 2299 2921; ppageno 0'>
   <div class='ocr_carea' id='block_1_1' title="bbox 146 93 2154 138">
    <p class='ocr_par' dir='ltr' id='par_1_1' title="bbox 146 93 2154 138">
     <span class='ocr_line' id='line_1_1' title="bbox 146 93 2154 138; baseline -0.007 0"><span class='ocrx_word' id='word_1_1' title='bbox 146 105 209 138; x_wconf 88' lang='grc'>149</span> <span class='ocrx_word' id='word_1_2' title='bbox 745 101 783 132; x_wconf 92' lang='grc' dir='ltr'>ΙΙ.</span> <span class='ocrx_word' id='word_1_3' title='bbox 828 98 1016 132; x_wconf 85' lang='lat' dir='ltr'><strong>INDICES.</strong></span> <span class='ocrx_word' id='word_1_4' title='bbox 1060 99 1102 130; x_wconf 88' lang='lat' dir='ltr'>A.</span> <span class='ocrx_word' id='word_1_5' title='bbox 1144 98 1282 131; x_wconf 88' lang='lat' dir='ltr'>INDEX</span> <span class='ocrx_word' id='word_1_6' title='bbox 1306 96 1567 129; x_wconf 84' lang='lat' dir='ltr'>GENERALIS.</span> <span class='ocrx_word' id='word_1_7' title='bbox 2093 93 2154 124; x_wconf 87' lang='lat'>150</span> 
     </span>
    </p>
   </div>
   <div class='ocr_carea' id='block_1_2' title="bbox 149 187 2170 857">
    <p class='ocr_par' dir='ltr' id='par_1_2' title="bbox 149 187 2157 550">
     <span class='ocr_line' id='line_1_2' title="bbox 2088 187 2155 218; baseline 0 -7"><span class='ocrx_word' id='word_1_8' title='bbox 2088 187 2155 218; x_wconf 84' lang='lat' dir='ltr'>Pag.</span> 
     </span>
     <span class='ocr_line' id='line_1_3' title="bbox 998 225 1304 259; baseline -0.003 -1"><span class='ocrx_word' id='word_1_9' title='bbox 998 226 1219 259; x_wconf 86' lang='lat' dir='ltr'><strong>VOLUMEN</strong></span> <span class='ocrx_word' id='word_1_10' title='bbox 1264 225 1304 257; x_wconf 88' lang='lat' dir='ltr'>X.</span> 
     </span>
     <span class='ocr_line' id='line_1_4' title="bbox 395 298 2157 337; baseline -0.006 -1"><span class='ocrx_word' id='word_1_11' title='bbox 395 308 542 337; x_wconf 81' lang='lat' dir='ltr'>Praefatio</span> <span class='ocrx_word' id='word_1_12' title='bbox 610 322 2028 336; x_wconf 86' lang='grc'><strong>...........................</strong></span> <span class='ocrx_word' id='word_1_13' title='bbox 2097 298 2157 328; x_wconf 88' lang='lat' dir='ltr'>VII</span> 
     </span>
     <span class='ocr_line' id='line_1_5' title="bbox 149 342 2153 388; baseline -0.007 -6"><span class='ocrx_word' id='word_1_14' title='bbox 149 353 238 382; x_wconf 87' lang='lat' dir='ltr'>Liber</span> <span class='ocrx_word' id='word_1_15' title='bbox 260 352 345 381; x_wconf 89' lang='lat' dir='ltr'>XIV.</span> <span class='ocrx_word' id='word_1_16' title='bbox 392 350 555 388; x_wconf 88' lang='lat' dir='ltr'>Epistolae,</span> <span class='ocrx_word' id='word_1_17' title='bbox 579 349 685 378; x_wconf 89' lang='lat' dir='ltr'>iudicia</span> <span class='ocrx_word' id='word_1_18' title='bbox 707 353 734 377; x_wconf 89' lang='lat' dir='ltr'>et</span> <span class='ocrx_word' id='word_1_19' title='bbox 757 349 866 386; x_wconf 87' lang='lat' dir='ltr'>scripta</span> <span class='ocrx_word' id='word_1_20' title='bbox 883 349 965 385; x_wconf 81' lang='lat' dir='ltr'>Mel.‚</span> <span class='ocrx_word' id='word_1_21' title='bbox 988 358 1062 386; x_wconf 85' lang='lat' dir='ltr'>quae</span> <span class='ocrx_word' id='word_1_22' title='bbox 1085 359 1142 386; x_wconf 82' lang='lat' dir='ltr'>quo</span> <span class='ocrx_word' id='word_1_23' title='bbox 1165 358 1241 377; x_wconf 89' lang='lat' dir='ltr'>anno</span> <span class='ocrx_word' id='word_1_24' title='bbox 1263 348 1372 385; x_wconf 87' lang='lat' dir='ltr'>scripta</span> <span class='ocrx_word' id='word_1_25' title='bbox 1394 347 1452 375; x_wconf 90' lang='lat' dir='ltr'>sint</span> <span class='ocrx_word' id='word_1_26' title='bbox 1474 345 1589 374; x_wconf 85' lang='lat' dir='ltr'>definiri</span> <span class='ocrx_word' id='word_1_27' title='bbox 1611 353 1670 372; x_wconf 87' lang='lat' dir='ltr'>non</span> <span class='ocrx_word' id='word_1_28' title='bbox 1688 344 1781 382; x_wconf 90' lang='lat' dir='ltr'>potuit</span> <span class='ocrx_word' id='word_1_29' title='bbox 1805 365 2028 373; x_wconf 78' lang='grc'><strong>.....</strong></span> <span class='ocrx_word' id='word_1_30' title='bbox 2140 342 2153 368; x_wconf 95' lang='grc'><strong>1</strong></span> 
     </span>
     <span class='ocr_line' id='line_1_6' title="bbox 398 383 2151 431; baseline -0.007 -8"><span class='ocrx_word' id='word_1_31' title='bbox 398 393 607 431; x_wconf 84' lang='lat' dir='ltr'>Supplementa</span> <span class='ocrx_word' id='word_1_32' title='bbox 628 392 715 428; x_wconf 85' lang='lat' dir='ltr'>(Pars</span> <span class='ocrx_word' id='word_1_33' title='bbox 737 392 842 429; x_wconf 84' lang='lat' dir='ltr'>altera)</span> <span class='ocrx_word' id='word_1_34' title='bbox 879 407 2025 421; x_wconf 87' lang='grc'><em>......................</em></span> <span class='ocrx_word' id='word_1_35' title='bbox 2097 383 2151 412; x_wconf 78' lang='lat'>121</span> 
     </span>
     <span class='ocr_line' id='line_1_7' title="bbox 398 427 2155 474; baseline -0.006 -9"><span class='ocrx_word' id='word_1_36' title='bbox 398 437 566 474; x_wconf 87' lang='lat' dir='ltr'>Appendix.</span> <span class='ocrx_word' id='word_1_37' title='bbox 612 433 727 472; x_wconf 84' lang='lat' dir='ltr'>Scripta</span> <span class='ocrx_word' id='word_1_38' title='bbox 750 435 893 472; x_wconf 84' lang='lat' dir='ltr'>quaedam</span> <span class='ocrx_word' id='word_1_39' title='bbox 917 435 953 462; x_wconf 92' lang='lat' dir='ltr'>ad</span> <span class='ocrx_word' id='word_1_40' title='bbox 976 435 1064 462; x_wconf 70' lang='lat' dir='ltr'>vitam</span> <span class='ocrx_word' id='word_1_41' title='bbox 1088 439 1115 462; x_wconf 90' lang='lat' dir='ltr'>et</span> <span class='ocrx_word' id='word_1_42' title='bbox 1138 434 1247 462; x_wconf 87' lang='lat' dir='ltr'>obitum</span> <span class='ocrx_word' id='word_1_43' title='bbox 1270 433 1338 461; x_wconf 87' lang='lat' dir='ltr'>Mel.</span> <span class='ocrx_word' id='word_1_44' title='bbox 1361 431 1523 470; x_wconf 74' lang='lat' dir='ltr'>spectantia</span> <span class='ocrx_word' id='word_1_45' title='bbox 1586 451 2027 460; x_wconf 82' lang='grc'><em>.........</em></span> <span class='ocrx_word' id='word_1_46' title='bbox 2098 427 2155 454; x_wconf 84' lang='grc'><strong>173</strong></span> 
     </span>
     <span class='ocr_line' id='line_1_8' title="bbox 401 469 2155 515; baseline -0.006 -8"><span class='ocrx_word' id='word_1_47' title='bbox 401 478 501 508; x_wconf 80' lang='lat' dir='ltr'>clavis</span> <span class='ocrx_word' id='word_1_48' title='bbox 522 478 744 515; x_wconf 85' lang='lat' dir='ltr'>allegoricorum</span> <span class='ocrx_word' id='word_1_49' title='bbox 768 478 918 505; x_wconf 86' lang='lat' dir='ltr'>nominum</span> <span class='ocrx_word' id='word_1_50' title='bbox 942 487 1015 514; x_wconf 88' lang='lat' dir='ltr'>quae</span> <span class='ocrx_word' id='word_1_51' title='bbox 1036 477 1066 504; x_wconf 90' lang='lat' dir='ltr'>in</span> <span class='ocrx_word' id='word_1_52' title='bbox 1088 477 1221 514; x_wconf 82' lang='lat' dir='ltr'>epistolis</span> <span class='ocrx_word' id='word_1_53' title='bbox 1243 477 1310 504; x_wconf 88' lang='lat' dir='ltr'>Mel.</span> <span class='ocrx_word' id='word_1_54' title='bbox 1334 475 1442 512; x_wconf 88' lang='lat' dir='ltr'>passim</span> <span class='ocrx_word' id='word_1_55' title='bbox 1465 475 1600 512; x_wconf 84' lang='lat' dir='ltr'>leguntur</span> <span class='ocrx_word' id='word_1_56' title='bbox 1642 491 2027 502; x_wconf 88' lang='grc'><strong>........</strong></span> <span class='ocrx_word' id='word_1_57' title='bbox 2096 469 2155 497; x_wconf 88' lang='grc'><strong>317</strong></span> 
     </span>
     <span class='ocr_line' id='line_1_9' title="bbox 401 522 524 550; baseline 0 0"><span class='ocrx_word' id='word_1_58' title='bbox 401 522 524 550; x_wconf 87' lang='lat' dir='ltr'><strong>Indices.</strong></span> 
     </span>
    </p>

    <p class='ocr_par' dir='ltr' id='par_1_3' title="bbox 445 554 2170 768">
     <span class='ocr_line' id='line_1_10' title="bbox 464 554 2160 600; baseline -0.006 -8"><span class='ocrx_word' id='word_1_59' title='bbox 464 565 488 592; x_wconf 93' lang='lat' dir='ltr'>I.</span> <span class='ocrx_word' id='word_1_60' title='bbox 520 563 627 591; x_wconf 84' lang='lat' dir='ltr'>&#39;Index</span> <span class='ocrx_word' id='word_1_61' title='bbox 641 562 840 600; x_wconf 81' lang='lat' dir='ltr'>alphabeticus</span> <span class='ocrx_word' id='word_1_62' title='bbox 853 572 950 591; x_wconf 86' lang='lat' dir='ltr'>eorum</span> <span class='ocrx_word' id='word_1_63' title='bbox 963 562 1127 599; x_wconf 63' lang='lat' dir='ltr'>hominum„</span> <span class='ocrx_word' id='word_1_64' title='bbox 1145 562 1248 599; x_wconf 88' lang='lat' dir='ltr'>quibus</span> <span class='ocrx_word' id='word_1_65' title='bbox 1260 561 1328 590; x_wconf 88' lang='lat' dir='ltr'>Mel.</span> <span class='ocrx_word' id='word_1_66' title='bbox 1348 560 1496 599; x_wconf 82' lang='lat' dir='ltr'>epistolas,</span> <span class='ocrx_word' id='word_1_67' title='bbox 1515 559 1709 597; x_wconf 79' lang='lat' dir='ltr'>praefationes</span> <span class='ocrx_word' id='word_1_68' title='bbox 1728 563 1755 586; x_wconf 84' lang='lat' dir='ltr'>et</span> <span class='ocrx_word' id='word_1_69' title='bbox 1767 557 1875 585; x_wconf 89' lang='lat' dir='ltr'>iudicia</span> <span class='ocrx_word' id='word_1_70' title='bbox 1886 555 2033 593; x_wconf 81' lang='lat' dir='ltr'>inscripsit</span> <span class='ocrx_word' id='word_1_71' title='bbox 2080 560 2083 564; x_wconf 74' lang='grc'><strong><em>’</em></strong></span> <span class='ocrx_word' id='word_1_72' title='bbox 2100 554 2160 583; x_wconf 68' lang='lat'>3⁶29</span> 
     </span>
     <span class='ocr_line' id='line_1_11' title="bbox 460 596 2158 635; baseline -0.005 0"><span class='ocrx_word' id='word_1_73' title='bbox 460 607 498 635; x_wconf 92' lang='grc' dir='ltr'>ΙΙ.</span> <span class='ocrx_word' id='word_1_74' title='bbox 537 607 631 634; x_wconf 80' lang='lat' dir='ltr'>Index</span> <span class='ocrx_word' id='word_1_75' title='bbox 654 606 885 634; x_wconf 84' lang='lat' dir='ltr'>testimoniorum</span> <span class='ocrx_word' id='word_1_76' title='bbox 908 615 925 633; x_wconf 89' lang='lat' dir='ltr'>a</span> <span class='ocrx_word' id='word_1_77' title='bbox 948 605 1014 633; x_wconf 85' lang='lat' dir='ltr'>Mel.</span> <span class='ocrx_word' id='word_1_78' title='bbox 1038 606 1169 634; x_wconf 82' lang='lat' dir='ltr'>datorum</span> <span class='ocrx_word' id='word_1_79' title='bbox 1213 622 2031 634; x_wconf 85' lang='grc'><em>................</em></span> <span class='ocrx_word' id='word_1_80' title='bbox 2099 596 2158 624; x_wconf 80' lang='lat'>421</span> 
     </span>
     <span class='ocr_line' id='line_1_12' title="bbox 447 639 2161 686; baseline -0.005 -9"><span class='ocrx_word' id='word_1_81' title='bbox 447 649 501 678; x_wconf 91' lang='lat' dir='ltr'>III.</span> <span class='ocrx_word' id='word_1_82' title='bbox 537 648 625 677; x_wconf 90' lang='lat' dir='ltr'>Dicta</span> <span class='ocrx_word' id='word_1_83' title='bbox 645 649 674 676; x_wconf 89' lang='lat' dir='ltr'>in</span> <span class='ocrx_word' id='word_1_84' title='bbox 698 649 787 676; x_wconf 87' lang='lat' dir='ltr'>libros</span> <span class='ocrx_word' id='word_1_85' title='bbox 810 648 967 676; x_wconf 77' lang='lat' dir='ltr'>amicorum</span> <span class='ocrx_word' id='word_1_86' title='bbox 991 649 1099 686; x_wconf 82' lang='lat' dir='ltr'>scripta</span> <span class='ocrx_word' id='word_1_87' title='bbox 1118 658 1135 675; x_wconf 89' lang='lat' dir='ltr'>a</span> <span class='ocrx_word' id='word_1_88' title='bbox 1159 648 1214 675; x_wconf 85' lang='lat' dir='ltr'>Mel</span> <span class='ocrx_word' id='word_1_89' title='bbox 1220 664 2029 676; x_wconf 83' lang='lat'>................</span> <span class='ocrx_word' id='word_1_90' title='bbox 2100 639 2161 667; x_wconf 71' lang='lat'>425</span> 
     </span>
     <span class='ocr_line' id='line_1_13' title="bbox 445 682 2159 728; baseline -0.006 -8"><span class='ocrx_word' id='word_1_91' title='bbox 445 693 496 721; x_wconf 91' lang='lat' dir='ltr'>IV.</span> <span class='ocrx_word' id='word_1_92' title='bbox 542 691 636 719; x_wconf 80' lang='lat' dir='ltr'>Index</span> <span class='ocrx_word' id='word_1_93' title='bbox 660 691 872 728; x_wconf 80' lang='lat' dir='ltr'>praefationum</span> <span class='ocrx_word' id='word_1_94' title='bbox 894 691 953 718; x_wconf 90' lang='lat' dir='ltr'>Mel</span> <span class='ocrx_word' id='word_1_95' title='bbox 958 707 2032 720; x_wconf 86' lang='grc'><em>.....................</em></span> <span class='ocrx_word' id='word_1_96' title='bbox 2097 682 2159 710; x_wconf 70' lang='lat'>425</span> 
     </span>
     <span class='ocr_line' id='line_1_14' title="bbox 463 725 2170 768; baseline -0.006 -5"><span class='ocrx_word' id='word_1_97' title='bbox 463 735 499 763; x_wconf 88' lang='lat' dir='ltr'>V.</span> <span class='ocrx_word' id='word_1_98' title='bbox 544 734 637 762; x_wconf 79' lang='lat' dir='ltr'>Index</span> <span class='ocrx_word' id='word_1_99' title='bbox 660 735 841 768; x_wconf 88' lang='lat' dir='ltr'>iudiciorum,</span> <span class='ocrx_word' id='word_1_100' title='bbox 866 733 1067 767; x_wconf 82' lang='lat' dir='ltr'>consiliorum,</span> <span class='ocrx_word' id='word_1_101' title='bbox 1090 733 1286 760; x_wconf 80' lang='lat' dir='ltr'>narrationum</span> <span class='ocrx_word' id='word_1_102' title='bbox 1310 736 1363 760; x_wconf 81' lang='lat' dir='ltr'>etc.</span> <span class='ocrx_word' id='word_1_103' title='bbox 1387 730 1445 759; x_wconf 86' lang='lat' dir='ltr'>Mel</span> <span class='ocrx_word' id='word_1_104' title='bbox 1451 750 2032 760; x_wconf 86' lang='grc'>............</span> <span class='ocrx_word' id='word_1_105' title='bbox 2100 725 2170 753; x_wconf 65' lang='grc'><strong>433·</strong></span> 
     </span>
    </p>

    <p class='ocr_par' dir='ltr' id='par_1_4' title="bbox 445 770 2162 857">
     <span class='ocr_line' id='line_1_15' title="bbox 445 770 2035 812; baseline -0.005 -7"><span class='ocrx_word' id='word_1_106' title='bbox 445 777 497 805; x_wconf 90' lang='lat' dir='ltr'>VI.</span> <span class='ocrx_word' id='word_1_107' title='bbox 542 777 637 804; x_wconf 75' lang='lat' dir='ltr'>Index</span> <span class='ocrx_word' id='word_1_108' title='bbox 650 777 773 805; x_wconf 87' lang='lat' dir='ltr'>aliorum</span> <span class='ocrx_word' id='word_1_109' title='bbox 790 777 939 805; x_wconf 86' lang='lat' dir='ltr'>hominum</span> <span class='ocrx_word' id='word_1_110' title='bbox 963 786 1021 804; x_wconf 86' lang='lat' dir='ltr'>sec.</span> <span class='ocrx_word' id='word_1_111' title='bbox 1043 775 1128 803; x_wconf 91' lang='lat' dir='ltr'>XVI.</span> <span class='ocrx_word' id='word_1_112' title='bbox 1153 785 1276 812; x_wconf 84' lang='lat' dir='ltr'>quorum</span> <span class='ocrx_word' id='word_1_113' title='bbox 1291 774 1430 812; x_wconf 86' lang='lat' dir='ltr'>epistolae</span> <span class='ocrx_word' id='word_1_114' title='bbox 1453 773 1497 801; x_wconf 80' lang='lat' dir='ltr'>vel</span> <span class='ocrx_word' id='word_1_115' title='bbox 1511 773 1619 810; x_wconf 84' lang='lat' dir='ltr'>scripta</span> <span class='ocrx_word' id='word_1_116' title='bbox 1641 772 1670 799; x_wconf 86' lang='lat' dir='ltr'>in</span> <span class='ocrx_word' id='word_1_117' title='bbox 1684 772 1729 800; x_wconf 86' lang='lat' dir='ltr'>his</span> <span class='ocrx_word' id='word_1_118' title='bbox 1745 770 1941 798; x_wconf 82' lang='lat' dir='ltr'>voluminibus</span> <span class='ocrx_word' id='word_1_119' title='bbox 1969 778 2035 806; x_wconf 87' lang='lat' dir='ltr'>pas-</span> 
     </span>
     <span class='ocr_line' id='line_1_16' title="bbox 576 811 2162 857; baseline -0.004 -11"><span class='ocrx_word' id='word_1_120' title='bbox 576 820 630 846; x_wconf 86' lang='lat' dir='ltr'>sim</span> <span class='ocrx_word' id='word_1_121' title='bbox 654 819 786 857; x_wconf 86' lang='lat' dir='ltr'>leguntur</span> <span class='ocrx_word' id='word_1_122' title='bbox 833 835 2031 848; x_wconf 87' lang='grc'><em>.......................</em></span> <span class='ocrx_word' id='word_1_123' title='bbox 2101 811 2162 838; x_wconf 85' lang='lat'>443</span> 
     </span>
    </p>
   </div>
   <div class='ocr_carea' id='block_1_3' title="bbox 534 856 2018 899">
    <p class='ocr_par' dir='ltr' id='par_1_5' title="bbox 534 856 2018 899">
     <span class='ocr_line' id='line_1_17' title="bbox 534 856 2018 899; baseline -0.005 -9"><span class='ocrx_word' id='word_1_124' title='bbox 534 862 742 890; x_wconf 84' lang='lat' dir='ltr'>Additamenta</span> <span class='ocrx_word' id='word_1_125' title='bbox 764 862 799 889; x_wconf 92' lang='lat' dir='ltr'>ad</span> <span class='ocrx_word' id='word_1_126' title='bbox 824 861 1017 899; x_wconf 84' lang='lat' dir='ltr'>praefationes</span> <span class='ocrx_word' id='word_1_127' title='bbox 1040 862 1068 889; x_wconf 88' lang='lat' dir='ltr'>in</span> <span class='ocrx_word' id='word_1_128' title='bbox 1093 860 1170 889; x_wconf 86' lang='lat' dir='ltr'>Voll.</span> <span class='ocrx_word' id='word_1_129' title='bbox 1189 859 1301 891; x_wconf 74' lang='lat' dir='ltr'>L—X.</span> <span class='ocrx_word' id='word_1_130' title='bbox 1328 859 1471 887; x_wconf 84' lang='lat' dir='ltr'>exhibitas</span> <span class='ocrx_word' id='word_1_131' title='bbox 1495 859 1558 886; x_wconf 84' lang='lat' dir='ltr'>vide</span> <span class='ocrx_word' id='word_1_132' title='bbox 1581 858 1611 886; x_wconf 87' lang='lat' dir='ltr'>in</span> <span class='ocrx_word' id='word_1_133' title='bbox 1634 857 1701 886; x_wconf 92' lang='lat' dir='ltr'>Vol.</span> <span class='ocrx_word' id='word_1_134' title='bbox 1725 856 1797 886; x_wconf 83' lang='lat' dir='ltr'>XX.</span> <span class='ocrx_word' id='word_1_135' title='bbox 1823 866 1850 893; x_wconf 88' lang='lat' dir='ltr'>p.</span> <span class='ocrx_word' id='word_1_136' title='bbox 1872 857 1929 884; x_wconf 86' lang='lat'>777</span> <span class='ocrx_word' id='word_1_137' title='bbox 1954 864 2018 892; x_wconf 85' lang='lat' dir='ltr'>sqq.</span> 
     </span>
    </p>
   </div>
   <div class='ocr_carea' id='block_1_4' title="bbox 286 1000 2043 1054">
    <p class='ocr_par' dir='ltr' id='par_1_6' title="bbox 286 1000 2043 1054">
     <span class='ocr_line' id='line_1_18' title="bbox 286 1000 2043 1054; baseline -0.005 -4"><span class='ocrx_word' id='word_1_138' title='bbox 286 1008 552 1050; x_wconf 87' lang='lat' dir='ltr'>CARMINA</span> <span class='ocrx_word' id='word_1_139' title='bbox 583 1007 825 1048; x_wconf 87' lang='lat' dir='ltr'>PHILIPPI</span> <span class='ocrx_word' id='word_1_140' title='bbox 857 1004 1267 1047; x_wconf 80' lang='lat' dir='ltr'>MELANTHONIS</span> <span class='ocrx_word' id='word_1_141' title='bbox 1301 1004 1455 1054; x_wconf 83' lang='lat' dir='ltr'><strong>QUAE</strong></span> <span class='ocrx_word' id='word_1_142' title='bbox 1488 1002 1808 1045; x_wconf 76' lang='lat' dir='ltr'>SUPERSUNT</span> <span class='ocrx_word' id='word_1_143' title='bbox 1843 1000 2043 1042; x_wconf 88' lang='lat' dir='ltr'>OMNIA.</span> 
     </span>
    </p>
   </div>
   <div class='ocr_carea' id='block_1_5' title="bbox 96 1110 2166 1325">
    <p class='ocr_par' dir='ltr' id='par_1_7' title="bbox 406 1110 2160 1146">
     <span class='ocr_line' id='line_1_19' title="bbox 406 1110 2160 1146; baseline -0.005 -1"><span class='ocrx_word' id='word_1_144' title='bbox 406 1117 628 1145; x_wconf 83' lang='lat' dir='ltr'>Praemonenda</span> <span class='ocrx_word' id='word_1_145' title='bbox 672 1133 2035 1146; x_wconf 85' lang='grc'>..........................</span> <span class='ocrx_word' id='word_1_146' title='bbox 2104 1110 2160 1137; x_wconf 88' lang='grc'><strong>461</strong></span> 
     </span>
    </p>

    <p class='ocr_par' dir='ltr' id='par_1_8' title="bbox 158 1152 2166 1197">
     <span class='ocr_line' id='line_1_20' title="bbox 158 1152 2166 1197; baseline -0.004 -8"><span class='ocrx_word' id='word_1_147' title='bbox 158 1160 247 1189; x_wconf 92' lang='lat' dir='ltr'>Liber</span> <span class='ocrx_word' id='word_1_148' title='bbox 270 1160 292 1188; x_wconf 92' lang='grc' dir='ltr'>Ι.</span> <span class='ocrx_word' id='word_1_149' title='bbox 407 1160 460 1194; x_wconf 87' lang='lat' dir='ltr'>Ea,</span> <span class='ocrx_word' id='word_1_150' title='bbox 485 1170 559 1197; x_wconf 77' lang='lat' dir='ltr'>quae</span> <span class='ocrx_word' id='word_1_151' title='bbox 584 1159 650 1186; x_wconf 79' lang='lat' dir='ltr'>Mel.</span> <span class='ocrx_word' id='word_1_152' title='bbox 675 1158 791 1196; x_wconf 81' lang='lat' dir='ltr'>scripsit</span> <span class='ocrx_word' id='word_1_153' title='bbox 814 1167 904 1194; x_wconf 83' lang='lat' dir='ltr'>usque</span> <span class='ocrx_word' id='word_1_154' title='bbox 924 1158 961 1185; x_wconf 86' lang='lat' dir='ltr'>ad</span> <span class='ocrx_word' id='word_1_155' title='bbox 983 1167 1010 1187; x_wconf 87' lang='lat' dir='ltr'>a.</span> <span class='ocrx_word' id='word_1_156' title='bbox 1038 1158 1116 1185; x_wconf 76' lang='lat'>1527</span> <span class='ocrx_word' id='word_1_157' title='bbox 1120 1176 2036 1186; x_wconf 72' lang='grc'><strong><em>..................</em></strong></span> <span class='ocrx_word' id='word_1_158' title='bbox 2105 1152 2166 1180; x_wconf 85' lang='grc'>469</span> 
     </span>
    </p>

    <p class='ocr_par' dir='ltr' id='par_1_9' title="bbox 96 1195 2164 1325">
     <span class='ocr_line' id='line_1_21' title="bbox 96 1195 2164 1239; baseline -0.004 -7"><span class='ocrx_word' id='word_1_159' title='bbox 96 1201 104 1208; x_wconf 59' lang='grc'><em>“</em></span> <span class='ocrx_word' id='word_1_160' title='bbox 157 1203 247 1231; x_wconf 87' lang='lat' dir='ltr'>Liber</span> <span class='ocrx_word' id='word_1_161' title='bbox 268 1203 306 1230; x_wconf 93' lang='lat' dir='ltr'>II.</span> <span class='ocrx_word' id='word_1_162' title='bbox 410 1203 464 1237; x_wconf 90' lang='lat' dir='ltr'>Ea,</span> <span class='ocrx_word' id='word_1_163' title='bbox 489 1212 562 1239; x_wconf 81' lang='lat' dir='ltr'>quae</span> <span class='ocrx_word' id='word_1_164' title='bbox 581 1202 697 1239; x_wconf 81' lang='lat' dir='ltr'>scripsit</span> <span class='ocrx_word' id='word_1_165' title='bbox 720 1211 745 1230; x_wconf 90' lang='lat' dir='ltr'>a.</span> <span class='ocrx_word' id='word_1_166' title='bbox 774 1201 992 1228; x_wconf 62' lang='lat'>1527-1540</span> <span class='ocrx_word' id='word_1_167' title='bbox 1050 1219 2036 1229; x_wconf 83' lang='lat'>...................</span> <span class='ocrx_word' id='word_1_168' title='bbox 2105 1195 2164 1223; x_wconf 86' lang='lat'>517</span> 
     </span>
     <span class='ocr_line' id='line_1_22' title="bbox 158 1238 2164 1282; baseline -0.004 -9"><span class='ocrx_word' id='word_1_169' title='bbox 158 1245 246 1274; x_wconf 86' lang='lat' dir='ltr'>Liber</span> <span class='ocrx_word' id='word_1_170' title='bbox 264 1245 320 1273; x_wconf 89' lang='lat'>111.</span> <span class='ocrx_word' id='word_1_171' title='bbox 409 1245 462 1279; x_wconf 88' lang='lat' dir='ltr'>Ea,</span> <span class='ocrx_word' id='word_1_172' title='bbox 487 1255 560 1282; x_wconf 83' lang='lat' dir='ltr'>quae</span> <span class='ocrx_word' id='word_1_173' title='bbox 584 1245 701 1282; x_wconf 84' lang='lat' dir='ltr'>scripsit</span> <span class='ocrx_word' id='word_1_174' title='bbox 723 1253 748 1271; x_wconf 88' lang='lat' dir='ltr'>a.</span> <span class='ocrx_word' id='word_1_175' title='bbox 774 1244 991 1271; x_wconf 79' lang='lat'>1541—1560.</span> <span class='ocrx_word' id='word_1_176' title='bbox 1050 1260 2035 1272; x_wconf 87' lang='grc'><em>...................</em></span> <span class='ocrx_word' id='word_1_177' title='bbox 2105 1238 2164 1266; x_wconf 84' lang='grc'>567</span> 
     </span>
     <span class='ocr_line' id='line_1_23' title="bbox 158 1280 2164 1325; baseline -0.004 -8"><span class='ocrx_word' id='word_1_178' title='bbox 158 1287 247 1317; x_wconf 88' lang='lat' dir='ltr'>Liber</span> <span class='ocrx_word' id='word_1_179' title='bbox 270 1288 322 1317; x_wconf 84' lang='lat' dir='ltr'>IV.</span> <span class='ocrx_word' id='word_1_180' title='bbox 410 1288 465 1322; x_wconf 83' lang='lat' dir='ltr'>Ea,</span> <span class='ocrx_word' id='word_1_181' title='bbox 489 1297 611 1325; x_wconf 88' lang='lat' dir='ltr'>quorum</span> <span class='ocrx_word' id='word_1_182' title='bbox 635 1296 728 1315; x_wconf 87' lang='lat' dir='ltr'>annus</span> <span class='ocrx_word' id='word_1_183' title='bbox 751 1287 866 1314; x_wconf 86' lang='lat' dir='ltr'>nativus</span> <span class='ocrx_word' id='word_1_184' title='bbox 885 1286 998 1313; x_wconf 86' lang='lat' dir='ltr'>definiri</span> <span class='ocrx_word' id='word_1_185' title='bbox 1021 1295 1079 1313; x_wconf 91' lang='lat' dir='ltr'>non</span> <span class='ocrx_word' id='word_1_186' title='bbox 1102 1285 1199 1322; x_wconf 89' lang='lat' dir='ltr'>potuit</span> <span class='ocrx_word' id='word_1_187' title='bbox 1266 1304 2036 1313; x_wconf 87' lang='grc'><em>...............</em></span> <span class='ocrx_word' id='word_1_188' title='bbox 2105 1280 2164 1308; x_wconf 82' lang='grc'>649</span> 
     </span>
    </p>
   </div>
   <div class='ocr_carea' id='block_1_6' title="bbox 408 1327 1467 1365">
    <p class='ocr_par' dir='ltr' id='par_1_10' title="bbox 408 1327 1467 1365">
     <span class='ocr_line' id='line_1_24' title="bbox 408 1327 1467 1365; baseline -0.005 -6"><span class='ocrx_word' id='word_1_189' title='bbox 408 1331 615 1359; x_wconf 86' lang='lat' dir='ltr'>Additamenta</span> <span class='ocrx_word' id='word_1_190' title='bbox 637 1330 674 1358; x_wconf 88' lang='lat' dir='ltr'>ad</span> <span class='ocrx_word' id='word_1_191' title='bbox 696 1330 769 1357; x_wconf 86' lang='lat' dir='ltr'>haec</span> <span class='ocrx_word' id='word_1_192' title='bbox 792 1329 921 1357; x_wconf 82' lang='lat' dir='ltr'>carmina</span> <span class='ocrx_word' id='word_1_193' title='bbox 944 1329 1008 1356; x_wconf 84' lang='lat' dir='ltr'>vide</span> <span class='ocrx_word' id='word_1_194' title='bbox 1031 1329 1061 1356; x_wconf 90' lang='lat' dir='ltr'>in</span> <span class='ocrx_word' id='word_1_195' title='bbox 1081 1328 1146 1356; x_wconf 86' lang='lat' dir='ltr'>Vol.</span> <span class='ocrx_word' id='word_1_196' title='bbox 1171 1327 1242 1357; x_wconf 87' lang='lat' dir='ltr'>XX.</span> <span class='ocrx_word' id='word_1_197' title='bbox 1268 1337 1295 1365; x_wconf 92' lang='lat' dir='ltr'>p.</span> <span class='ocrx_word' id='word_1_198' title='bbox 1321 1327 1380 1355; x_wconf 74' lang='lat'>765</span> <span class='ocrx_word' id='word_1_199' title='bbox 1405 1335 1467 1363; x_wconf 90' lang='lat' dir='ltr'>sqq.</span> 
     </span>
    </p>
   </div>
   <div class='ocr_carea' id='block_1_7' title="bbox 641 1470 1687 1516">
    <p class='ocr_par' dir='ltr' id='par_1_11' title="bbox 641 1470 1687 1516">
     <span class='ocr_line' id='line_1_25' title="bbox 641 1470 1687 1516; baseline -0.005 0"><span class='ocrx_word' id='word_1_200' title='bbox 641 1474 961 1516; x_wconf 80' lang='lat' dir='ltr'>ORATIONES</span> <span class='ocrx_word' id='word_1_201' title='bbox 994 1475 1235 1516; x_wconf 88' lang='lat' dir='ltr'>PHILIPPI</span> <span class='ocrx_word' id='word_1_202' title='bbox 1267 1470 1687 1514; x_wconf 77' lang='lat' dir='ltr'>MELANTHOMS.</span> 
     </span>
    </p>
   </div>
   <div class='ocr_carea' id='block_1_8' title="bbox 374 1579 2166 1750">
    <p class='ocr_par' dir='ltr' id='par_1_12' title="bbox 457 1579 2164 1614">
     <span class='ocr_line' id='line_1_26' title="bbox 457 1579 2164 1614; baseline -0.003 -1"><span class='ocrx_word' id='word_1_203' title='bbox 457 1585 679 1613; x_wconf 77' lang='lat' dir='ltr'>praemonenda</span> <span class='ocrx_word' id='word_1_204' title='bbox 733 1603 2037 1614; x_wconf 83' lang='lat'><strong>.........................</strong></span> <span class='ocrx_word' id='word_1_205' title='bbox 2105 1579 2164 1608; x_wconf 89' lang='lat'>677</span> 
     </span>
    </p>

    <p class='ocr_par' dir='ltr' id='par_1_13' title="bbox 374 1623 2164 1708">
     <span class='ocr_line' id='line_1_27' title="bbox 389 1623 2164 1665; baseline -0.003 -9"><span class='ocrx_word' id='word_1_206' title='bbox 389 1628 412 1656; x_wconf 87' lang='lat'>1.</span> <span class='ocrx_word' id='word_1_207' title='bbox 457 1627 651 1663; x_wconf 81' lang='lat' dir='ltr'>Quaestiones</span> <span class='ocrx_word' id='word_1_208' title='bbox 675 1628 868 1662; x_wconf 80' lang='lat' dir='ltr'>academicae,</span> <span class='ocrx_word' id='word_1_209' title='bbox 888 1627 1040 1655; x_wconf 81' lang='lat' dir='ltr'>iuvenibus</span> <span class='ocrx_word' id='word_1_210' title='bbox 1064 1632 1091 1654; x_wconf 90' lang='lat' dir='ltr'>et</span> <span class='ocrx_word' id='word_1_211' title='bbox 1115 1627 1210 1665; x_wconf 83' lang='lat' dir='ltr'>pueris</span> <span class='ocrx_word' id='word_1_212' title='bbox 1233 1628 1263 1654; x_wconf 86' lang='lat' dir='ltr'>in</span> <span class='ocrx_word' id='word_1_213' title='bbox 1287 1626 1387 1654; x_wconf 83' lang='lat' dir='ltr'>schola</span> <span class='ocrx_word' id='word_1_214' title='bbox 1410 1625 1625 1662; x_wconf 86' lang='lat' dir='ltr'>Witcbergensi</span> <span class='ocrx_word' id='word_1_215' title='bbox 1648 1624 1842 1661; x_wconf 83' lang='lat' dir='ltr'>praescriptae</span> <span class='ocrx_word' id='word_1_216' title='bbox 1867 1647 1873 1653; x_wconf 84' lang='lat'>.</span> <span class='ocrx_word' id='word_1_217' title='bbox 1922 1646 1927 1652; x_wconf 94' lang='lat'>.</span> <span class='ocrx_word' id='word_1_218' title='bbox 1975 1646 1981 1652; x_wconf 92' lang='lat'>.</span> <span class='ocrx_word' id='word_1_219' title='bbox 2030 1646 2035 1652; x_wconf 96' lang='lat'>.</span> <span class='ocrx_word' id='word_1_220' title='bbox 2105 1623 2164 1652; x_wconf 80' lang='lat'>689</span> 
     </span>
     <span class='ocr_line' id='line_1_28' title="bbox 374 1666 2035 1708; baseline -0.004 -9"><span class='ocrx_word' id='word_1_221' title='bbox 374 1671 412 1700; x_wconf 89' lang='lat' dir='ltr'>H.</span> <span class='ocrx_word' id='word_1_222' title='bbox 458 1671 598 1708; x_wconf 84' lang='lat' dir='ltr'>Alloquia</span> <span class='ocrx_word' id='word_1_223' title='bbox 621 1681 656 1699; x_wconf 86' lang='lat' dir='ltr'>ex</span> <span class='ocrx_word' id='word_1_224' title='bbox 680 1671 835 1705; x_wconf 75' lang='lat' dir='ltr'>cathedra,</span> <span class='ocrx_word' id='word_1_225' title='bbox 863 1671 1022 1706; x_wconf 82' lang='lat' dir='ltr'>gratiarum</span> <span class='ocrx_word' id='word_1_226' title='bbox 1046 1671 1193 1705; x_wconf 75' lang='lat' dir='ltr'>actiones,</span> <span class='ocrx_word' id='word_1_227' title='bbox 1216 1674 1243 1697; x_wconf 84' lang='lat' dir='ltr'>et</span> <span class='ocrx_word' id='word_1_228' title='bbox 1266 1670 1422 1697; x_wconf 84' lang='lat' dir='ltr'>conciones</span> <span class='ocrx_word' id='word_1_229' title='bbox 1444 1669 1588 1696; x_wconf 83' lang='lat' dir='ltr'>breviores</span> <span class='ocrx_word' id='word_1_230' title='bbox 1610 1667 1737 1695; x_wconf 75' lang='lat' dir='ltr'>maxime</span> <span class='ocrx_word' id='word_1_231' title='bbox 1759 1667 1839 1702; x_wconf 87' lang='lat' dir='ltr'>aliis,</span> <span class='ocrx_word' id='word_1_232' title='bbox 1869 1675 1933 1694; x_wconf 89' lang='lat' dir='ltr'>cum</span> <span class='ocrx_word' id='word_1_233' title='bbox 1957 1666 2035 1694; x_wconf 79' lang='lat' dir='ltr'>iuve-</span> 
     </span>
    </p>

    <p class='ocr_par' dir='ltr' id='par_1_14' title="bbox 498 1709 2166 1750">
     <span class='ocr_line' id='line_1_29' title="bbox 498 1709 2166 1750; baseline -0.003 -8"><span class='ocrx_word' id='word_1_234' title='bbox 498 1714 582 1742; x_wconf 84' lang='lat' dir='ltr'>nibus</span> <span class='ocrx_word' id='word_1_235' title='bbox 605 1720 665 1742; x_wconf 90' lang='lat' dir='ltr'>tum</span> <span class='ocrx_word' id='word_1_236' title='bbox 684 1713 862 1742; x_wconf 85' lang='lat' dir='ltr'>Doctoribus</span> <span class='ocrx_word' id='word_1_237' title='bbox 881 1714 1076 1750; x_wconf 84' lang='lat' dir='ltr'>praescriptae</span> <span class='ocrx_word' id='word_1_238' title='bbox 1113 1731 2038 1742; x_wconf 87' lang='grc'><em>..................</em></span> <span class='ocrx_word' id='word_1_239' title='bbox 2105 1709 2166 1737; x_wconf 85' lang='grc'>905</span> 
     </span>
    </p>
   </div>
   <div class='ocr_carea' id='block_1_9' title="bbox 1015 1820 1328 1852">
    <p class='ocr_par' dir='ltr' id='par_1_15' title="bbox 1015 1820 1328 1852">
     <span class='ocr_line' id='line_1_30' title="bbox 1015 1820 1328 1852; baseline 0.003 -1"><span class='ocrx_word' id='word_1_240' title='bbox 1015 1820 1231 1852; x_wconf 88' lang='lat' dir='ltr'><strong>VOLUMEN</strong></span> <span class='ocrx_word' id='word_1_241' title='bbox 1272 1820 1328 1852; x_wconf 87' lang='lat' dir='ltr'>Xl.</span> 
     </span>
    </p>
   </div>
   <div class='ocr_carea' id='block_1_10' title="bbox 360 1896 2168 1972">
    <p class='ocr_par' dir='ltr' id='par_1_16' title="bbox 360 1896 2168 1972">
     <span class='ocr_line' id='line_1_31' title="bbox 360 1896 2040 1937; baseline -0.003 -9"><span class='ocrx_word' id='word_1_242' title='bbox 360 1900 414 1930; x_wconf 87' lang='lat'>111.</span> <span class='ocrx_word' id='word_1_243' title='bbox 460 1899 711 1934; x_wconf 85' lang='lat' dir='ltr'>Declamationes,</span> <span class='ocrx_word' id='word_1_244' title='bbox 740 1901 801 1928; x_wconf 84' lang='lat' dir='ltr'>sive</span> <span class='ocrx_word' id='word_1_245' title='bbox 835 1901 980 1928; x_wconf 82' lang='lat' dir='ltr'>orationes</span> <span class='ocrx_word' id='word_1_246' title='bbox 1009 1901 1197 1937; x_wconf 81' lang='lat' dir='ltr'>prolixiores,</span> <span class='ocrx_word' id='word_1_247' title='bbox 1227 1909 1297 1936; x_wconf 85' lang='lat' dir='ltr'>quas</span> <span class='ocrx_word' id='word_1_248' title='bbox 1320 1898 1487 1926; x_wconf 87' lang='lat' dir='ltr'>Melanthon</span> <span class='ocrx_word' id='word_1_249' title='bbox 1512 1898 1555 1925; x_wconf 82' lang='lat' dir='ltr'>vel</span> <span class='ocrx_word' id='word_1_250' title='bbox 1584 1898 1646 1935; x_wconf 86' lang='lat' dir='ltr'>ipse</span> <span class='ocrx_word' id='word_1_251' title='bbox 1675 1897 1788 1934; x_wconf 88' lang='lat' dir='ltr'>publice</span> <span class='ocrx_word' id='word_1_252' title='bbox 1818 1896 1964 1931; x_wconf 83' lang='lat' dir='ltr'>recitavit,</span> <span class='ocrx_word' id='word_1_253' title='bbox 1995 1896 2040 1923; x_wconf 89' lang='lat' dir='ltr'>vel</span> 
     </span>
     <span class='ocr_line' id='line_1_32' title="bbox 501 1939 2168 1972; baseline -0.002 -2"><span class='ocrx_word' id='word_1_254' title='bbox 501 1942 566 1970; x_wconf 87' lang='lat' dir='ltr'>aliis</span> <span class='ocrx_word' id='word_1_255' title='bbox 589 1942 754 1971; x_wconf 86' lang='lat' dir='ltr'>hominibus</span> <span class='ocrx_word' id='word_1_256' title='bbox 778 1943 870 1971; x_wconf 87' lang='lat' dir='ltr'>doctis</span> <span class='ocrx_word' id='word_1_257' title='bbox 893 1944 1057 1972; x_wconf 83' lang='lat' dir='ltr'>recitandas</span> <span class='ocrx_word' id='word_1_258' title='bbox 1081 1944 1198 1971; x_wconf 80' lang='lat' dir='ltr'>tradidit</span> <span class='ocrx_word' id='word_1_259' title='bbox 1240 1953 1265 1970; x_wconf 89' lang='lat' dir='ltr'>a.</span> <span class='ocrx_word' id='word_1_260' title='bbox 1294 1941 1500 1970; x_wconf 78' lang='lat'>1517—1552</span> <span class='ocrx_word' id='word_1_261' title='bbox 1506 1959 2037 1969; x_wconf 85' lang='lat'>...........</span> <span class='ocrx_word' id='word_1_262' title='bbox 2149 1939 2168 1967; x_wconf 79' lang='lat'>5</span> 
     </span>
    </p>
   </div>
   <div class='ocr_carea' id='block_1_11' title="bbox 1004 2050 1337 2083">
    <p class='ocr_par' dir='ltr' id='par_1_17' title="bbox 1004 2050 1337 2083">
     <span class='ocr_line' id='line_1_33' title="bbox 1004 2050 1337 2083; baseline -0.003 0"><span class='ocrx_word' id='word_1_263' title='bbox 1004 2051 1224 2083; x_wconf 84' lang='lat' dir='ltr'><strong>VOLUMEN</strong></span> <span class='ocrx_word' id='word_1_264' title='bbox 1265 2050 1337 2082; x_wconf 89' lang='lat' dir='ltr'>XII.</span> 
     </span>
    </p>
   </div>
   <div class='ocr_carea' id='block_1_12' title="bbox 372 2126 2168 2253">
    <p class='ocr_par' dir='ltr' id='par_1_18' title="bbox 372 2126 2168 2253">
     <span class='ocr_line' id='line_1_34' title="bbox 372 2126 2168 2159; baseline -0.002 -1"><span class='ocrx_word' id='word_1_265' title='bbox 372 2127 609 2158; x_wconf 87' lang='lat' dir='ltr'>Declamationes</span> <span class='ocrx_word' id='word_1_266' title='bbox 632 2138 656 2156; x_wconf 88' lang='lat' dir='ltr'>a..</span> <span class='ocrx_word' id='word_1_267' title='bbox 685 2129 900 2157; x_wconf 82' lang='lat'>1553—1560.</span> <span class='ocrx_word' id='word_1_268' title='bbox 956 2146 2041 2159; x_wconf 85' lang='grc'><em>.....................</em></span> <span class='ocrx_word' id='word_1_269' title='bbox 2151 2126 2168 2154; x_wconf 83' lang='lat'>5</span> 
     </span>
     <span class='ocr_line' id='line_1_35' title="bbox 373 2168 2168 2209; baseline -0.002 -10"><span class='ocrx_word' id='word_1_270' title='bbox 373 2170 595 2209; x_wconf 87' lang='lat' dir='ltr'>Propositiones</span> <span class='ocrx_word' id='word_1_271' title='bbox 619 2171 696 2206; x_wconf 89' lang='lat' dir='ltr'>Mel.‚</span> <span class='ocrx_word' id='word_1_272' title='bbox 720 2172 755 2199; x_wconf 89' lang='lat' dir='ltr'>de</span> <span class='ocrx_word' id='word_1_273' title='bbox 777 2171 881 2208; x_wconf 89' lang='lat' dir='ltr'>quibus</span> <span class='ocrx_word' id='word_1_274' title='bbox 902 2172 933 2200; x_wconf 88' lang='lat' dir='ltr'>in</span> <span class='ocrx_word' id='word_1_275' title='bbox 954 2173 1102 2201; x_wconf 85' lang='lat' dir='ltr'>academia</span> <span class='ocrx_word' id='word_1_276' title='bbox 1124 2172 1335 2209; x_wconf 85' lang='lat' dir='ltr'>Witebergensi</span> <span class='ocrx_word' id='word_1_277' title='bbox 1358 2171 1474 2209; x_wconf 90' lang='lat' dir='ltr'>publice</span> <span class='ocrx_word' id='word_1_278' title='bbox 1497 2171 1673 2208; x_wconf 84' lang='lat' dir='ltr'>disputatum</span> <span class='ocrx_word' id='word_1_279' title='bbox 1698 2174 1739 2197; x_wconf 88' lang='lat' dir='ltr'>est</span> <span class='ocrx_word' id='word_1_280' title='bbox 1764 2190 2040 2198; x_wconf 90' lang='grc'><strong>......</strong></span> <span class='ocrx_word' id='word_1_281' title='bbox 2108 2168 2168 2196; x_wconf 86' lang='grc'>399</span> 
     </span>
     <span class='ocr_line' id='line_1_36' title="bbox 374 2210 2167 2253; baseline -0.002 -11"><span class='ocrx_word' id='word_1_282' title='bbox 374 2213 596 2252; x_wconf 85' lang='lat' dir='ltr'>Disputationes</span> <span class='ocrx_word' id='word_1_283' title='bbox 619 2214 800 2251; x_wconf 84' lang='lat' dir='ltr'>theologicae</span> <span class='ocrx_word' id='word_1_284' title='bbox 823 2215 853 2242; x_wconf 91' lang='lat' dir='ltr'>in</span> <span class='ocrx_word' id='word_1_285' title='bbox 877 2215 978 2243; x_wconf 81' lang='lat' dir='ltr'>schola.</span> <span class='ocrx_word' id='word_1_286' title='bbox 999 2215 1166 2253; x_wconf 82' lang='lat' dir='ltr'>propositae</span> <span class='ocrx_word' id='word_1_287' title='bbox 1189 2219 1217 2242; x_wconf 87' lang='lat' dir='ltr'>et</span> <span class='ocrx_word' id='word_1_288' title='bbox 1238 2215 1363 2242; x_wconf 87' lang='lat' dir='ltr'>fideliter</span> <span class='ocrx_word' id='word_1_289' title='bbox 1386 2214 1547 2251; x_wconf 85' lang='lat' dir='ltr'>explicatae</span> <span class='ocrx_word' id='word_1_290' title='bbox 1570 2222 1587 2240; x_wconf 86' lang='lat' dir='ltr'>a</span> <span class='ocrx_word' id='word_1_291' title='bbox 1605 2212 1662 2240; x_wconf 74' lang='lat' dir='ltr'>Mel</span> <span class='ocrx_word' id='word_1_292' title='bbox 1666 2234 2038 2241; x_wconf 84' lang='grc'><strong><em>........</em></strong></span> <span class='ocrx_word' id='word_1_293' title='bbox 2108 2210 2167 2238; x_wconf 79' lang='lat'>437</span> 
     </span>
    </p>
   </div>
   <div class='ocr_carea' id='block_1_13' title="bbox 237 2349 2100 2475">
    <p class='ocr_par' dir='ltr' id='par_1_19' title="bbox 237 2349 2100 2475">
     <span class='ocr_line' id='line_1_37' title="bbox 237 2349 2100 2401; baseline -0.002 -2"><span class='ocrx_word' id='word_1_294' title='bbox 237 2349 474 2399; x_wconf 85' lang='lat' dir='ltr'>SCRIPTA</span> <span class='ocrx_word' id='word_1_295' title='bbox 505 2359 747 2400; x_wconf 91' lang='lat' dir='ltr'>PHILIPPI</span> <span class='ocrx_word' id='word_1_296' title='bbox 778 2359 1188 2401; x_wconf 84' lang='lat' dir='ltr'>MELANTHONIS</span> <span class='ocrx_word' id='word_1_297' title='bbox 1219 2360 1301 2400; x_wconf 88' lang='lat' dir='ltr'>AD</span> <span class='ocrx_word' id='word_1_298' title='bbox 1333 2358 1649 2401; x_wconf 79' lang='lat' dir='ltr'>HISTORIAM</span> <span class='ocrx_word' id='word_1_299' title='bbox 1680 2356 1999 2397; x_wconf 87' lang='lat' dir='ltr'>PROFANAM</span> <span class='ocrx_word' id='word_1_300' title='bbox 2030 2355 2100 2396; x_wconf 87' lang='lat' dir='ltr'>ET</span> 
     </span>
     <span class='ocr_line' id='line_1_38' title="bbox 750 2431 1591 2475; baseline -0.002 -4"><span class='ocrx_word' id='word_1_301' title='bbox 750 2431 1181 2475; x_wconf 84' lang='lat' dir='ltr'>PHILOSOPHIAM</span> <span class='ocrx_word' id='word_1_302' title='bbox 1223 2431 1591 2474; x_wconf 85' lang='lat' dir='ltr'>SPECTANTIA.</span> 
     </span>
    </p>
   </div>
   <div class='ocr_carea' id='block_1_14' title="bbox 394 2537 782 2570">
    <p class='ocr_par' dir='ltr' id='par_1_20' title="bbox 394 2537 782 2570">
     <span class='ocr_line' id='line_1_39' title="bbox 394 2537 782 2570; baseline 0.008 -4"><span class='ocrx_word' id='word_1_303' title='bbox 394 2538 415 2566; x_wconf 89' lang='grc' dir='ltr'>Ι.</span> <span class='ocrx_word' id='word_1_304' title='bbox 463 2537 627 2568; x_wconf 85' lang='lat' dir='ltr'>Chronicon</span> <span class='ocrx_word' id='word_1_305' title='bbox 647 2539 782 2570; x_wconf 84' lang='lat' dir='ltr'>Carionis</span> 
     </span>
    </p>
   </div>
  </div>
 </body>
</html>
