2299 2921
144 125 187 158 87

149 223 231 260 Aug.

150 564 232 603 Sept.

151 649 216 679 Oct.

147 1077 179 1108 N
182 1088 228 1107 ov,

147 1162 222 1193 Dec.

144 1823 207 1852 Ian.

271 372 319 422 20⁸.

283 1824 313 1981 Ῥῖὓῗῖω

265 2040 311 2068 10.

263 2125 310 2153 16.

260 2168 308 2196 19.

258 2209 307 2239 23.

802 128 989 161 PHILIPPI
1010 128 1330 162 MELANTHONts
1354 130 1515 164 OPERA.
2114 137 2159 170 88

308 243 315 250 .
339 223 463 251 Alberto
485 223 563 252 Duci
586 223 686 253 Pruss.
710 225 810 253 scribit
831 226 867 252 de
889 226 1027 262 gradibus
1051 226 1234 254 academicis.

308 287 314 293 .
338 266 427 293 Mittit
450 267 658 303 praefationem
681 267 711 294 in
734 267 777 296 Io.
800 266 942 296 Schoueri
967 267 1155 304 astrologiam
1179 269 1216 296 ad
1240 269 1299 297 Vit.
1323 269 1520 298 Theodorum.

341 309 542 337 Proficiscitur
566 310 786 346 merseburgum
808 310 844 337 ad
868 310 1065 338 reducendum
1089 310 1251 339 Lutherum
1274 312 1372 350 ibique
1394 313 1513 342 interest
1536 314 1712 343 ordinationi
1738 315 1859 354 Georgii
1882 316 2045 345 Anhaltini.

340 350 489 380 Lutherus
512 352 584 380 redit
609 352 803 388 Vitebergam.

343 395 412 422 Edit
435 394 563 432 Lycurgi
586 395 746 422 orationem
768 403 882 431 graece,
906 395 1033 423 dicatam
1057 395 1160 424 Nobili
1182 406 1199 425 a
1222 395 1387 426 Carlowitz.

310 459 316 465 .
340 437 427 465 Bulla
448 437 548 474 Papae
571 437 605 464 de.
629 437 752 465 concilio
776 437 949 466 Tridentino
971 438 1146 468 inchoando,

311 501 317 507 .
339 481 468 507 Annona
491 484 533 507 est
556 479 741 516 Vitebergae.

341 522 477 549 Exi-unte
504 524 636 558 Augusto
660 532 724 550 cum
747 522 906 551 Francisco
929 524 1100 552 Burchardo
1124 525 1291 562 expatiatur
1312 526 1343 554 in
1365 526 1535 556 Marchiam.

309 586 315 592 .
338 565 461 592 Moritur
484 565 730 602 Archiepiscopus
752 565 952 602 Moguntinus.

340 607 407 635 Hoc
430 617 529 635 mense
554 607 659 635 bellum
683 613 780 636 movet
800 607 947 636 Henricus
969 609 1202 638 Brunsvicensis.

309 671 316 678 .
339 647 413 678 Cum
437 650 565 678 Luthero
589 651 784 687 proficiscitur
807 651 1017 680 Mansfeldiam.

339 692 451 720 Narrat
474 693 581 720 bellum
605 702 669 721 cum
693 693 823 721 Heni-ico
846 692 929 722 Duce
952 694 1108 723 Brunsvic.

337 736 405 764 Mel.
430 741 458 764 et
479 736 625 764 Lutherus
647 736 772 764 redeunt
794 736 990 774 Vitebergam.

310 799 317 806 .
342 778 480 807 Formam
503 777 679 807 Consistorii
701 779 796 807 Viteb.
819 779 984 817 scripserat,
1008 789 1083 817 quae
1104 790 1173 809 vero
1198 790 1235 809 ex
1254 781 1322 809 aula
1343 781 1419 810 redit
1438 782 1522 810 valde
1545 787 1664 812 mutata.

338 820 458 850 Calculo
480 821 602 850 laborat.

311 887 317 892 .
340 863 480 892 Defendit
503 874 534 893 se
556 873 683 901 suosque
705 873 736 892 se
758 874 817 892 non
838 873 902 892 esse
925 865 1089 894 desertores
1112 866 1265 894 Ecclesiae
1287 866 1357 895 Dei.

310 928 316 935 .
339 907 473 935 Vincitur
495 912 522 934 et
545 908 657 944 capitur
680 907 828 935 Henricus
851 907 1003 936 Brunsvic.

338 950 565 987 Vitebergenses
590 951 727 978 nuncium
751 951 898 987 accipiunt
919 951 954 978 de
978 956 1064 989 capto
1086 951 1218 980 Henrico
1241 952 1367 982 Brunsv.

307 1014 314 1021 .
338 993 496 1021 Intercedit
518 1003 571 1030 pro
595 993 702 1031 oppido
726 992 892 1021 Helmstiidt
915 994 994 1031 apud
1016 995 1151 1023 victores.

309 1058 315 1064 .
336 1036 476 1073 Magnum
500 1037 665 1064 incendium
689 1035 814 1065 Gothae.

307 1099 313 1106 .
338 1078 515 1107 Consolatur
539 1078 738 1107 camerarium
761 1080 797 1107 de
820 1084 914 1107 morte
936 1080 1043 1108 fratris.

338 1122 406 1150 Hoc
428 1131 527 1150 mense
549 1126 666 1150 enarrat
689 1121 849 1150 Ptolemaei
873 1121 1132 1161 Quadripartitum.

309 1186 316 1192 .
339 1164 487 1193 Promittit
511 1165 580 1192 Vito
603 1165 761 1193 Theodoro
784 1165 996 1203 praefationem
1018 1166 1048 1193 in
1071 1166 1193 1194 Lutheri
1217 1166 1430 1194 enarrationem
1449 1166 1559 1195 Psalmi
1577 1166 1617 1195 Π.
1641 1167 1769 1196 scribere
1790 1172 1819 1196 et
1836 1169 1961 1206 mittere,
1983 1180 2069 1209 quam
2093 1172 2161 1201 vide

374 1209 400 1235 d.
427 1208 475 1236 25.
496 1208 580 1236 Mart.
604 1208 694 1236 1546.

306 1272 312 1278 .
336 1250 392 1278 His
416 1251 517 1278 diebus
538 1250 714 1287 Vitebcrgae
736 1250 791 1278 fuit
813 1250 951 1279 Albertus
974 1250 1046 1279 Dux
1070 1251 1216 1279 prussiae.
1263 1249 1449 1280 Camerarius
1469 1251 1588 1290 Lipsiae
1611 1253 1648 1281 ad
1670 1262 1735 1280 eum
1759 1254 1838 1282 venit
1858 1254 2055 1294 Vitebergam.

307 1314 314 1321 .
336 1293 495 1321 Inchoatur
519 1293 674 1320 concilium
698 1294 911 1321 Tridentinum.

338 1337 446 1374 Agitur
469 1337 505 1364 de
529 1336 717 1363 Melanthone
740 1336 882 1364 mittendo
904 1336 940 1364 ad
964 1336 1142 1373 colloquium
1166 1336 1318 1365 Ratisbon.

338 1378 478 1416 Cruciger
499 1384 596 1406 narrat
620 1379 687 1406 Vito
710 1378 877 1414 Theodoro,
900 1388 958 1416 quo
981 1379 1078 1407 animo
1100 1380 1137 1407 sit
1159 1378 1316 1414 Lutherus,
1341 1380 1419 1417 quod
1442 1380 1549 1408 attinet
1571 1381 1607 1408 ad
1631 1381 1792 1409 doctrinam
1812 1382 1847 1409 de
1872 1391 1963 1411 coena
1985 1392 2076 1413 sacra.

307 1443 314 1450 .
336 1422 537 1450 Proficiscitur
560 1432 624 1449 cum
647 1421 777 1450 Luthero
800 1422 903 1450 iterum
926 1422 1143 1458 Mansfeldiam,
1165 1432 1330 1460 quanquam
1349 1423 1517 1452 valetudine
1540 1424 1686 1452 laborans.
1710 1441 1751 1445 —-
1774 1423 1937 1463 Scripserat
1960 1430 2067 1455 statuta
2086 1429 2163 1457 Aca·

369 1466 483 1493 demiae
505 1465 652 1502 Viteberg.

307 1529 313 1536 .
337 1508 391 1536 Est
413 1508 518 1536 Halae.
542 1525 583 1529 —-
607 1506 721 1537 Statuta
742 1507 910 1536 academiae
932 1508 1010 1546 typis
1033 1508 1248 1538 exscribuntur.

307 1575 312 1581 ,
337 1550 392 1578 Est
416 1551 617 1580 Mansfeldiae.

337 1593 492 1622 Praefatur
515 1595 571 1622 hoc
594 1603 672 1622 anno
696 1594 726 1621 in
750 1593 943 1622 Harmoniam
965 1594 1001 1622 dc
1025 1594 1163 1632 passione
1187 1592 1297 1623 Christi
1319 1604 1338 1623 a
1361 1593 1492 1632 Georgio
1515 1594 1611 1622 Rhaw
1633 1595 1749 1624 editam.

995 1728 1151 1760 ANNO
1187 1729 1314 1761 1546.

311 1844 318 1852 .
342 1823 388 1852 vel
412 1821 438 1849 d.
464 1824 492 1851 4.
516 1823 578 1851 Ian.
600 1823 771 1852 Melanthon
794 1823 911 1851 domum
934 1824 1028 1852 rediit.

336 1866 540 1894 Inchoatur
562 1866 763 1894 concilium
786 1866 1058 1896 Tridentinum.

339 1910 407 1937 Mel.
430 1909 540 1937 iudicat
561 1910 596 1937 de
618 1909 728 1946 scripto
751 1910 876 1946 quodam
899 1908 1015 1945 Buceri,
1039 1920 1057 1938 a
1078 1910 1265 1947 Landgravio
1288 1910 1325 1937 ad
1349 1909 1398 1938 Pr.
1421 1909 1584 1938 Electorem
1606 1910 1706 1939 misso.

336 1953 488 1981 Fontanus
511 1953 660 1980 dissuadet
681 1952 811 1989 Principi
832 1952 969 1987 Electori,
993 1963 1029 1980 ne
1048 1953 1268 1982 Melanthonem
1288 1953 1385 1980 mittat
1406 1952 1597 1981 Ratisbonam
1621 1953 1657 1981 ad
1680 1952 1867 1990 colloquium.

337 1995 403 2022 Mel.
427 1996 457 2022 in
480 1996 580 2024 schola
602 1999 717 2023 enarrat
739 1996 821 2032 epist.
843 1995 880 2022 ad
900 1995 1059 2025 Romanos.

336 2038 552 2075 Heidelberg-ae
576 2039 737 2066 celebratur
758 2047 850 2067 coena
871 2047 953 2066 sacra
975 2039 1028 2067 sub
1052 2043 1173 2076 utraque
1196 2039 1295 2076 specie
1319 2043 1348 2066 et
1370 2038 1468 2076 lingua
1488 2038 1653 2067 vernacula.

335 2082 404 2110 Mel.
429 2091 493 2109 cum
515 2080 674 2119 Crueigero
698 2086 726 2109 et
750 2080 859 2117 Georg.
883 2081 995 2109 Maiore
1017 2086 1059 2109 est
1081 2081 1197 2119 Torgae
1220 2081 1249 2108 in
1272 2081 1349 2117 aula,
1372 2082 1420 2110 ubi
1438 2082 1540 2110 scribit
1562 2082 1701 2110 iudicium
1724 2082 1760 2110 de
1784 2081 1932 2119 colloquio
1954 2081 2108 2112 Ratisbon.

336 2123 455 2152 Gratias
478 2125 538 2162 agit
560 2124 635 2162 Regi
656 2124 771 2152 Daniac
794 2133 848 2161 pro
873 2125 912 2152 50
934 2124 1129 2159 Ioacffimicis,
1153 2125 1231 2152 dono
1255 2124 1391 2162 acceptis.

333 2166 479 2204 Georgius
502 2168 597 2195 Maior
621 2171 649 2194 et
670 2167 844 2195 Laurentius
868 2166 947 2194 Zoch
972 2168 1196 2204 proficiscuntur
1219 2167 1256 2194 ad
1277 2171 1450 2195 conventum
1473 2167 1627 2196 Ratisbon.

332 2210 399 2238 Mel.
423 2211 591 2238 mandatum
615 2210 700 2238 habet
723 2211 858 2245 aulicum,
882 2214 914 2237 ut
937 2210 1045 2238 scribat
1067 2211 1282 2238 recusationem
1306 2210 1421 2238 concilii
1445 2211 1617 2238 Tridentini.
1662 2209 1730 2238 Hoc
1748 2210 1794 2237 die
1816 2209 1977 2237 Lutherum
2000 2213 2150 2246 postremo

365 2254 436 2280 vidit
459 2254 621 2288 viventem,
650 2258 682 2280 ut
704 2253 768 2290 ipse
790 2257 911 2280 testatur
934 2254 962 2280 in
987 2254 1069 2290 epist.
1091 2254 1127 2281 ad
1151 2253 1310 2281 Besoldum
1332 2254 1359 2280 d.
1383 2254 1410 2281 d.
1432 2253 1480 2282 23.
1506 2253 1567 2281 Ian.
1594 2253 1683 2281 1547.
1703 2269 1744 2272 —
1773 2252 1840 2281 Mel.
1865 2252 2016 2280 laborabat
2038 2252 2150 2280 valetu-

364 2296 440 2324 dine.
488 2296 554 2324 Hoc
585 2297 631 2323 die
654 2295 843 2323 Lutherus
878 2296 933 2323 iter
968 2296 1117 2332 ingressus
1146 2302 1190 2324 est
1211 2296 1424 2324 Mansfeldiam.
1470 2295 1518 2324 Sic
1547 2296 1646 2324 scribit
1670 2295 1842 2323 Matthesius
1869 2296 1899 2324 in
1929 2296 1989 2323 vita
2018 2294 2148 2324 Lutheri.

363 2337 421 2367 Sed
446 2339 481 2366 de
504 2339 632 2367 WVettius
656 2343 747 2376 putat,
770 2338 929 2366 Lutherum
952 2339 977 2366 d.
1004 2340 1052 2366 24.
1077 2339 1206 2367 Ianuarii
1229 2339 1391 2376 profectum
1416 2348 1493 2373 esse,
1519 2349 1552 2367 ea
1570 2340 1606 2367 de
1629 2348 1715 2366 causa
1738 2339 1788 2374 (de
1808 2338 1896 2367 Wett.
1918 2348 1984 2375 epp.
2003 2337 2090 2366 Luth.
2110 2338 2148 2368 V.

364 2392 390 2419 p.
409 2382 549 2418 XXIV),
572 2387 603 2410 ut
625 2382 721 2409 additt
747 2385 833 2418 „Demi
854 2382 951 2418 Qutbet
972 2383 1078 2416 schreibt
1098 2390 1158 2412 nom
1180 2382 1292 2417 25stcn,
1313 2391 1338 2411 et
1358 2384 1396 2417 set)
1417 2382 1492 2418 Dente
1510 2391 1555 2411 um
1576 2383 1592 2410 8
1613 2381 1672 2414 Ubt
1692 2382 1718 2410 in
1738 2381 1817 2415 balle
1837 2382 2042 2418 ungefommem
2068 2389 2147 2411 menn

364 2434 390 2453 er
409 2434 465 2454 nun
485 2426 554 2458 nicht
574 2426 653 2463 μυεῖ
672 2426 746 2461 §age
765 2428 918 2461 untetmegss
939 2434 1003 2457 mar.
1033 2426 1056 2461 so
1078 2427 1165 2460 teifete
1192 2434 1218 2454 er
1242 2435 1285 2454 <mi
1307 2425 1400 2461 24fteu
1421 2425 1483 2454 ab.“
1506 2443 1546 2446 —
1569 2425 1656 2452 Putat
1679 2424 1794 2461 quidem
1817 2424 1853 2451 de
1876 2424 2015 2459 Wettius,
2037 2423 2146 2452 Luthe-

363 2477 427 2495 rum
451 2467 523 2496 hora
544 2473 646 2495 octava
668 2468 882 2505 vespertina
904 2467 1010 2495 Halani
1034 2469 1200 2502 advenisse3
1226 2468 1276 2496 sed
1296 2468 1359 2496 sine
1379 2468 1465 2496 dubio
1483 2468 1556 2496 hora
1571 2469 1598 2497 8.
1622 2467 1807 2495 matutina
1829 2477 1863 2495 eo
1883 2467 1969 2495 venit.
1998 2466 2145 2495 Lnthsrus

364 2511 440 2538 enim
464 2511 499 2538 ad
523 2520 644 2538 umorem
669 2511 695 2540 d.
723 2511 770 2539 25.
791 2510 851 2538 Ian.
876 2511 991 2538 scribit:
1017 2511 1101 2546 „³133st
1121 2512 1175 2547 ῇηῠ
1197 2511 1301 2548 [mute
1320 2520 1366 2540 tun
1385 2512 1440 2543 adit
1460 2510 1518 2547 llbt
1538 2520 1568 2550 gu
1587 2511 1665 2545 ᾦαῑῐε
1685 2511 1853 2545 αηΐοιιιηιεη,
1874 2512 1936 2540 abet·
1955 2509 2060 2547 [beute]
2080 2511 2143 2545 nat-1>

365 2554 491 2582 &steten
511 2554 579 2586 nicht
599 2554 740 2590 gemmea:
768 2554 837 2583 benit
864 2557 891 2583 ee
918 2554 1054 2591 begegnete
1077 2557 1131 2583 uun}
1153 2555 1207 2583 etue
1227 2555 1308 2590 gratie
1328 2554 1557 2588 wicbertfiufetiu
1583 2555 1631 2583 mit
1652 2553 1853 2591 Qasfermogeu
1881 2553 1935 2582 unb
1955 2553 2056 2589 grofien
2077 2552 2142 2580 (aa

365 2597 472 2632 {cbossen
499 2595 584 2633 (Sala
602 2597 780 2634 exundans).
837 2596 884 2627 &o
908 2598 1022 2627 fomuten
1047 2598 1097 2627 mit
1124 2599 1186 2633 unct>
1207 2597 1276 2632 nttbt
1294 2598 1390 2627 michir
1410 2598 1619 2635 gttri'ithommen
1639 2602 1691 2627 §oon
1711 2606 1801 2634 megcn
1827 2596 1871 2626 ber
1891 2596 2009 2630 wintra,
2034 2595 2141 2631 mufiteu
