<?xml version="1.0" encoding="UTF-8"?>
<!DOCTYPE html PUBLIC "-//W3C//DTD XHTML 1.0 Transitional//EN"
    "http://www.w3.org/TR/xhtml1/DTD/xhtml1-transitional.dtd">
<html xmlns="http://www.w3.org/1999/xhtml" xml:lang="en" lang="en">
 <head>
  <title>
</title>
<meta http-equiv="Content-Type" content="text/html;charset=utf-8" />
  <meta name='ocr-system' content='tesseract 3.04.00' />
  <meta name='ocr-capabilities' content='ocr_page ocr_carea ocr_par ocr_line ocrx_word'/>
</head>
<body>
  <div class='ocr_page' id='page_1' title='image "./operaquaesupersu28melauoft_0320.png"; bbox 0 0 2299 2921; ppageno 0'>
   <div class='ocr_carea' id='block_1_1' title="bbox 164 127 2169 165">
    <p class='ocr_par' dir='ltr' id='par_1_1' title="bbox 164 127 2169 165">
     <span class='ocr_line' id='line_1_1' title="bbox 164 127 2169 165; baseline -0 -6"><span class='ocrx_word' id='word_1_1' title='bbox 164 127 208 160; x_wconf 88' lang='grc'>19</span> <span class='ocrx_word' id='word_1_2' title='bbox 812 129 999 162; x_wconf 78' lang='lat' dir='ltr'>PHILIPPI</span> <span class='ocrx_word' id='word_1_3' title='bbox 1022 128 1339 162; x_wconf 83' lang='lat' dir='ltr'>MELANTHOle</span> <span class='ocrx_word' id='word_1_4' title='bbox 1361 127 1518 160; x_wconf 86' lang='lat' dir='ltr'><strong>OPERA.</strong></span> <span class='ocrx_word' id='word_1_5' title='bbox 2126 134 2169 165; x_wconf 82' lang='lat'>20</span> 
     </span>
    </p>
   </div>
   <div class='ocr_carea' id='block_1_2' title="bbox 164 223 2214 2011">
    <p class='ocr_par' dir='ltr' id='par_1_2' title="bbox 164 223 2214 636">
     <span class='ocr_line' id='line_1_2' title="bbox 164 223 2168 265; baseline 0.002 -13"><span class='ocrx_word' id='word_1_6' title='bbox 164 223 260 261; x_wconf 84' lang='lat' dir='ltr'>April.</span> <span class='ocrx_word' id='word_1_7' title='bbox 356 226 529 256; x_wconf 82' lang='lat' dir='ltr'>Melanthon</span> <span class='ocrx_word' id='word_1_8' title='bbox 551 226 696 254; x_wconf 88' lang='lat' dir='ltr'>insomnia</span> <span class='ocrx_word' id='word_1_9' title='bbox 717 224 802 252; x_wconf 87' lang='lat' dir='ltr'>valde</span> <span class='ocrx_word' id='word_1_10' title='bbox 824 224 945 252; x_wconf 87' lang='lat' dir='ltr'>laborat.</span> <span class='ocrx_word' id='word_1_11' title='bbox 964 240 1006 245; x_wconf 96' lang='lat'><strong>—</strong></span> <span class='ocrx_word' id='word_1_12' title='bbox 1026 224 1198 252; x_wconf 86' lang='lat' dir='ltr'>Wilhelmus</span> <span class='ocrx_word' id='word_1_13' title='bbox 1222 223 1407 259; x_wconf 84' lang='lat' dir='ltr'>Nesenus,</span> <span class='ocrx_word' id='word_1_14' title='bbox 1427 224 1621 253; x_wconf 71' lang='lat' dir='ltr'>Melanthonis</span> <span class='ocrx_word' id='word_1_15' title='bbox 1643 225 1764 261; x_wconf 87' lang='lat' dir='ltr'>amicus,</span> <span class='ocrx_word' id='word_1_16' title='bbox 1788 226 1834 254; x_wconf 91' lang='lat' dir='ltr'>cui</span> <span class='ocrx_word' id='word_1_17' title='bbox 1846 225 2088 256; x_wconf 86' lang='lat' dir='ltr'>Francofordiam</span> <span class='ocrx_word' id='word_1_18' title='bbox 2101 237 2168 265; x_wconf 91' lang='lat' dir='ltr'>pro-</span> 
     </span>
     <span class='ocr_line' id='line_1_3' title="bbox 393 266 1785 303; baseline 0.001 -7"><span class='ocrx_word' id='word_1_19' title='bbox 393 269 581 297; x_wconf 83' lang='lat' dir='ltr'>ficiscendum</span> <span class='ocrx_word' id='word_1_20' title='bbox 602 272 654 302; x_wconf 80' lang='lat' dir='ltr'>est,</span> <span class='ocrx_word' id='word_1_21' title='bbox 677 267 779 295; x_wconf 90' lang='lat' dir='ltr'>invitat</span> <span class='ocrx_word' id='word_1_22' title='bbox 803 266 979 303; x_wconf 78' lang='lat' dir='ltr'>Philippum,</span> <span class='ocrx_word' id='word_1_23' title='bbox 998 271 1029 294; x_wconf 93' lang='lat' dir='ltr'>ut</span> <span class='ocrx_word' id='word_1_24' title='bbox 1053 276 1116 294; x_wconf 90' lang='lat' dir='ltr'>eum</span> <span class='ocrx_word' id='word_1_25' title='bbox 1140 267 1293 294; x_wconf 75' lang='lat' dir='ltr'><strong>comitetur</strong></span> <span class='ocrx_word' id='word_1_26' title='bbox 1317 271 1346 294; x_wconf 87' lang='lat' dir='ltr'>et</span> <span class='ocrx_word' id='word_1_27' title='bbox 1367 267 1396 294; x_wconf 92' lang='lat' dir='ltr'>in</span> <span class='ocrx_word' id='word_1_28' title='bbox 1420 266 1618 295; x_wconf 84' lang='lat' dir='ltr'>Palatinatum</span> <span class='ocrx_word' id='word_1_29' title='bbox 1642 274 1785 297; x_wconf 80' lang='lat' dir='ltr'><strong>excurrat.</strong></span> 
     </span>
     <span class='ocr_line' id='line_1_4' title="bbox 287 308 1160 348; baseline -0.003 -8"><span class='ocrx_word' id='word_1_30' title='bbox 287 312 335 340; x_wconf 90' lang='lat'>10.</span> <span class='ocrx_word' id='word_1_31' title='bbox 359 311 514 348; x_wconf 81' lang='lat' dir='ltr'>Philippus</span> <span class='ocrx_word' id='word_1_32' title='bbox 537 315 726 339; x_wconf 83' lang='lat' dir='ltr'>commeatum</span> <span class='ocrx_word' id='word_1_33' title='bbox 749 309 886 345; x_wconf 79' lang='lat' dir='ltr'>impetrat</span> <span class='ocrx_word' id='word_1_34' title='bbox 907 318 925 336; x_wconf 87' lang='lat' dir='ltr'>a</span> <span class='ocrx_word' id='word_1_35' title='bbox 946 308 995 336; x_wconf 83' lang='lat' dir='ltr'>Pr.</span> <span class='ocrx_word' id='word_1_36' title='bbox 1017 308 1160 337; x_wconf 87' lang='lat' dir='ltr'>Electore.</span> 
     </span>
     <span class='ocr_line' id='line_1_5' title="bbox 289 350 2167 391; baseline 0 -8"><span class='ocrx_word' id='word_1_37' title='bbox 289 355 336 383; x_wconf 90' lang='grc'>17.</span> <span class='ocrx_word' id='word_1_38' title='bbox 359 354 525 391; x_wconf 82' lang='lat' dir='ltr'>Ingreditur</span> <span class='ocrx_word' id='word_1_39' title='bbox 546 354 601 381; x_wconf 84' lang='lat' dir='ltr'>iter</span> <span class='ocrx_word' id='word_1_40' title='bbox 620 353 650 380; x_wconf 90' lang='lat' dir='ltr'>in</span> <span class='ocrx_word' id='word_1_41' title='bbox 670 351 794 389; x_wconf 80' lang='lat' dir='ltr'>patriam</span> <span class='ocrx_word' id='word_1_42' title='bbox 818 360 883 379; x_wconf 85' lang='lat' dir='ltr'>eum</span> <span class='ocrx_word' id='word_1_43' title='bbox 907 351 1061 380; x_wconf 85' lang='lat' dir='ltr'><strong>comitibus</strong></span> <span class='ocrx_word' id='word_1_44' title='bbox 1084 351 1182 379; x_wconf 89' lang='lat' dir='ltr'>Ioach.</span> <span class='ocrx_word' id='word_1_45' title='bbox 1204 350 1387 386; x_wconf 76' lang='lat' dir='ltr'>camerario,</span> <span class='ocrx_word' id='word_1_46' title='bbox 1409 351 1501 380; x_wconf 90' lang='lat' dir='ltr'>Wilh.</span> <span class='ocrx_word' id='word_1_47' title='bbox 1525 352 1669 389; x_wconf 87' lang='lat' dir='ltr'>Nisseno,</span> <span class='ocrx_word' id='word_1_48' title='bbox 1692 353 1849 383; x_wconf 86' lang='lat' dir='ltr'>Francisco</span> <span class='ocrx_word' id='word_1_49' title='bbox 1872 354 2043 383; x_wconf 86' lang='lat' dir='ltr'>Burchardo</span> <span class='ocrx_word' id='word_1_50' title='bbox 2073 359 2103 383; x_wconf 91' lang='lat' dir='ltr'>et</span> <span class='ocrx_word' id='word_1_51' title='bbox 2124 355 2167 384; x_wconf 93' lang='lat' dir='ltr'>Io.</span> 
     </span>
     <span class='ocr_line' id='line_1_6' title="bbox 391 395 597 425; baseline -0.01 0"><span class='ocrx_word' id='word_1_52' title='bbox 391 395 597 425; x_wconf 85' lang='lat' dir='ltr'>Silberbornio.</span> 
     </span>
     <span class='ocr_line' id='line_1_7' title="bbox 286 434 1664 476; baseline -0.001 -9"><span class='ocrx_word' id='word_1_53' title='bbox 286 440 333 468; x_wconf 87' lang='lat'>19.</span> <span class='ocrx_word' id='word_1_54' title='bbox 357 439 475 476; x_wconf 84' lang='lat' dir='ltr'>Lipsiae</span> <span class='ocrx_word' id='word_1_55' title='bbox 499 443 550 472; x_wconf 83' lang='lat' dir='ltr'>est,</span> <span class='ocrx_word' id='word_1_56' title='bbox 575 442 601 465; x_wconf 81' lang='lat' dir='ltr'>et</span> <span class='ocrx_word' id='word_1_57' title='bbox 625 446 687 464; x_wconf 88' lang='lat' dir='ltr'>cum</span> <span class='ocrx_word' id='word_1_58' title='bbox 713 434 880 464; x_wconf 88' lang='lat' dir='ltr'>Camerario</span> <span class='ocrx_word' id='word_1_59' title='bbox 904 436 1016 464; x_wconf 86' lang='lat' dir='ltr'>accedit</span> <span class='ocrx_word' id='word_1_60' title='bbox 1037 436 1074 464; x_wconf 87' lang='lat' dir='ltr'>ad</span> <span class='ocrx_word' id='word_1_61' title='bbox 1094 436 1211 465; x_wconf 88' lang='lat' dir='ltr'>Petrum</span> <span class='ocrx_word' id='word_1_62' title='bbox 1235 437 1429 465; x_wconf 84' lang='lat' dir='ltr'>Mosellanum</span> <span class='ocrx_word' id='word_1_63' title='bbox 1452 438 1664 467; x_wconf 89' lang='lat' dir='ltr'>moribundum.</span> 
     </span>
     <span class='ocr_line' id='line_1_8' title="bbox 285 478 2214 522; baseline 0.002 -12"><span class='ocrx_word' id='word_1_64' title='bbox 285 481 334 510; x_wconf 85' lang='lat'>22.</span> <span class='ocrx_word' id='word_1_65' title='bbox 358 481 472 509; x_wconf 83' lang='lat' dir='ltr'>Isenaci</span> <span class='ocrx_word' id='word_1_66' title='bbox 496 485 548 515; x_wconf 82' lang='lat' dir='ltr'>est,</span> <span class='ocrx_word' id='word_1_67' title='bbox 571 480 620 508; x_wconf 89' lang='lat' dir='ltr'>ubi</span> <span class='ocrx_word' id='word_1_68' title='bbox 643 481 689 515; x_wconf 88' lang='lat' dir='ltr'>(ut</span> <span class='ocrx_word' id='word_1_69' title='bbox 711 479 824 506; x_wconf 89' lang='lat' dir='ltr'>videtur</span> <span class='ocrx_word' id='word_1_70' title='bbox 847 488 884 507; x_wconf 84' lang='lat' dir='ltr'>ex</span> <span class='ocrx_word' id='word_1_71' title='bbox 906 480 1043 507; x_wconf 84' lang='lat' dir='ltr'>mandato</span> <span class='ocrx_word' id='word_1_72' title='bbox 1067 480 1111 507; x_wconf 91' lang='lat' dir='ltr'>vel</span> <span class='ocrx_word' id='word_1_73' title='bbox 1134 479 1254 508; x_wconf 88' lang='lat' dir='ltr'>Lutheri</span> <span class='ocrx_word' id='word_1_74' title='bbox 1279 480 1323 508; x_wconf 85' lang='lat' dir='ltr'>vel</span> <span class='ocrx_word' id='word_1_75' title='bbox 1346 478 1505 518; x_wconf 85' lang='lat' dir='ltr'>Spalatini)</span> <span class='ocrx_word' id='word_1_76' title='bbox 1529 482 1587 519; x_wconf 83' lang='lat' dir='ltr'>egit</span> <span class='ocrx_word' id='word_1_77' title='bbox 1610 491 1675 510; x_wconf 90' lang='lat' dir='ltr'>cum</span> <span class='ocrx_word' id='word_1_78' title='bbox 1699 479 1832 517; x_wconf 81' lang='lat' dir='ltr'>Strauss,</span> <span class='ocrx_word' id='word_1_79' title='bbox 1854 482 1935 511; x_wconf 89' lang='lat' dir='ltr'>urbis</span> <span class='ocrx_word' id='word_1_80' title='bbox 1957 488 2091 521; x_wconf 83' lang='lat' dir='ltr'>pastore,</span> <span class='ocrx_word' id='word_1_81' title='bbox 2117 484 2167 522; x_wconf 85' lang='lat' dir='ltr'>qui</span> <span class='ocrx_word' id='word_1_82' title='bbox 2212 495 2214 497; x_wconf 63' lang='grc'><strong><em>’</em></strong></span> 
     </span>
     <span class='ocr_line' id='line_1_9' title="bbox 391 522 1072 558; baseline -0.001 -7"><span class='ocrx_word' id='word_1_83' title='bbox 391 523 589 558; x_wconf 78' lang='lat' dir='ltr'>contenderat,</span> <span class='ocrx_word' id='word_1_84' title='bbox 613 531 715 550; x_wconf 87' lang='lat' dir='ltr'>usuras</span> <span class='ocrx_word' id='word_1_85' title='bbox 738 531 797 549; x_wconf 89' lang='lat' dir='ltr'>non</span> <span class='ocrx_word' id='word_1_86' title='bbox 820 531 886 550; x_wconf 79' lang='lat' dir='ltr'>esse</span> <span class='ocrx_word' id='word_1_87' title='bbox 907 522 1072 550; x_wconf 85' lang='lat' dir='ltr'>solvendas.</span> 
     </span>
     <span class='ocr_line' id='line_1_10' title="bbox 354 563 1376 602; baseline -0.001 -8"><span class='ocrx_word' id='word_1_88' title='bbox 354 565 466 594; x_wconf 87' lang='lat' dir='ltr'>Fuldae</span> <span class='ocrx_word' id='word_1_89' title='bbox 490 570 533 593; x_wconf 87' lang='lat' dir='ltr'>est</span> <span class='ocrx_word' id='word_1_90' title='bbox 555 566 631 602; x_wconf 91' lang='lat' dir='ltr'>apud</span> <span class='ocrx_word' id='word_1_91' title='bbox 652 564 772 593; x_wconf 87' lang='lat' dir='ltr'>Crotum</span> <span class='ocrx_word' id='word_1_92' title='bbox 795 564 969 593; x_wconf 87' lang='lat' dir='ltr'>Rubeanum</span> <span class='ocrx_word' id='word_1_93' title='bbox 992 569 1022 592; x_wconf 85' lang='lat' dir='ltr'>et</span> <span class='ocrx_word' id='word_1_94' title='bbox 1041 565 1188 593; x_wconf 88' lang='lat' dir='ltr'>Adamum</span> <span class='ocrx_word' id='word_1_95' title='bbox 1211 563 1376 594; x_wconf 86' lang='lat' dir='ltr'>Cratonem.</span> 
     </span>
     <span class='ocr_line' id='line_1_11' title="bbox 355 603 937 636; baseline -0.002 0"><span class='ocrx_word' id='word_1_96' title='bbox 355 603 427 636; x_wconf 85' lang='lat' dir='ltr'>Post</span> <span class='ocrx_word' id='word_1_97' title='bbox 445 608 571 636; x_wconf 90' lang='lat' dir='ltr'>triduum</span> <span class='ocrx_word' id='word_1_98' title='bbox 594 608 671 635; x_wconf 90' lang='lat' dir='ltr'>venit</span> <span class='ocrx_word' id='word_1_99' title='bbox 690 607 937 635; x_wconf 82' lang='lat' dir='ltr'>Francofordiam.</span> 
     </span>
    </p>

    <p class='ocr_par' dir='ltr' id='par_1_3' title="bbox 167 650 2169 730">
     <span class='ocr_line' id='line_1_12' title="bbox 167 650 2169 694; baseline 0 -14"><span class='ocrx_word' id='word_1_100' title='bbox 167 651 236 680; x_wconf 83' lang='lat' dir='ltr'>Mai.</span> <span class='ocrx_word' id='word_1_101' title='bbox 303 651 330 680; x_wconf 87' lang='grc'>6.</span> <span class='ocrx_word' id='word_1_102' title='bbox 352 651 470 679; x_wconf 81' lang='lat' dir='ltr'>Brettae</span> <span class='ocrx_word' id='word_1_103' title='bbox 489 656 532 679; x_wconf 86' lang='lat' dir='ltr'>est</span> <span class='ocrx_word' id='word_1_104' title='bbox 554 650 709 687; x_wconf 82' lang='lat' dir='ltr'>Philippus</span> <span class='ocrx_word' id='word_1_105' title='bbox 731 651 809 694; x_wconf 85' lang='lat' dir='ltr'>apud</span> <span class='ocrx_word' id='word_1_106' title='bbox 828 655 959 685; x_wconf 85' lang='lat' dir='ltr'>matrem,</span> <span class='ocrx_word' id='word_1_107' title='bbox 982 659 1056 687; x_wconf 90' lang='lat' dir='ltr'>quae</span> <span class='ocrx_word' id='word_1_108' title='bbox 1078 651 1182 678; x_wconf 90' lang='lat' dir='ltr'>iterum</span> <span class='ocrx_word' id='word_1_109' title='bbox 1205 654 1342 687; x_wconf 83' lang='lat' dir='ltr'>nupserat</span> <span class='ocrx_word' id='word_1_110' title='bbox 1365 650 1469 679; x_wconf 91' lang='lat' dir='ltr'>Ioanni</span> <span class='ocrx_word' id='word_1_111' title='bbox 1488 651 1661 680; x_wconf 87' lang='lat' dir='ltr'>Hoechelio.</span> <span class='ocrx_word' id='word_1_112' title='bbox 1687 668 1729 671; x_wconf 98' lang='lat'><strong>—</strong></span> <span class='ocrx_word' id='word_1_113' title='bbox 1754 650 1892 680; x_wconf 86' lang='lat' dir='ltr'>Donatur</span> <span class='ocrx_word' id='word_1_114' title='bbox 1914 653 2032 681; x_wconf 86' lang='lat' dir='ltr'>Brettae</span> <span class='ocrx_word' id='word_1_115' title='bbox 2055 653 2169 691; x_wconf 82' lang='lat' dir='ltr'>scypho</span> 
     </span>
     <span class='ocr_line' id='line_1_13' title="bbox 390 693 1040 730; baseline 0 -9"><span class='ocrx_word' id='word_1_116' title='bbox 390 700 527 730; x_wconf 86' lang='lat' dir='ltr'>argenteo</span> <span class='ocrx_word' id='word_1_117' title='bbox 549 693 585 720; x_wconf 85' lang='lat' dir='ltr'>ab</span> <span class='ocrx_word' id='word_1_118' title='bbox 608 693 766 720; x_wconf 75' lang='lat' dir='ltr'>Academia</span> <span class='ocrx_word' id='word_1_119' title='bbox 788 693 1040 730; x_wconf 84' lang='lat' dir='ltr'>Heidelbergensi.</span> 
     </span>
    </p>

    <p class='ocr_par' dir='ltr' id='par_1_4' title="bbox 353 733 2169 817">
     <span class='ocr_line' id='line_1_14' title="bbox 353 733 2169 776; baseline 0.002 -12"><span class='ocrx_word' id='word_1_120' title='bbox 353 735 487 774; x_wconf 83' lang='lat' dir='ltr'>Rogatus</span> <span class='ocrx_word' id='word_1_121' title='bbox 508 746 525 764; x_wconf 83' lang='lat' dir='ltr'>a</span> <span class='ocrx_word' id='word_1_122' title='bbox 543 735 673 775; x_wconf 70' lang='lat' dir='ltr'>Nausea,</span> <span class='ocrx_word' id='word_1_123' title='bbox 696 736 851 763; x_wconf 84' lang='lat' dir='ltr'>secretario</span> <span class='ocrx_word' id='word_1_124' title='bbox 865 733 1017 773; x_wconf 84' lang='lat' dir='ltr'>Campegii</span> <span class='ocrx_word' id='word_1_125' title='bbox 1031 733 1205 770; x_wconf 83' lang='lat' dir='ltr'>Cardinalis,</span> <span class='ocrx_word' id='word_1_126' title='bbox 1226 739 1259 763; x_wconf 89' lang='lat' dir='ltr'>ut</span> <span class='ocrx_word' id='word_1_127' title='bbox 1280 735 1389 764; x_wconf 86' lang='lat' dir='ltr'>scribat</span> <span class='ocrx_word' id='word_1_128' title='bbox 1410 735 1519 773; x_wconf 84' lang='lat' dir='ltr'>aliquid</span> <span class='ocrx_word' id='word_1_129' title='bbox 1538 737 1573 765; x_wconf 91' lang='lat' dir='ltr'>de</span> <span class='ocrx_word' id='word_1_130' title='bbox 1594 737 1727 765; x_wconf 90' lang='lat' dir='ltr'>doctrina</span> <span class='ocrx_word' id='word_1_131' title='bbox 1744 736 1876 773; x_wconf 84' lang='lat' dir='ltr'>Lutheri,</span> <span class='ocrx_word' id='word_1_132' title='bbox 1900 737 2060 776; x_wconf 85' lang='lat' dir='ltr'>Campegio</span> <span class='ocrx_word' id='word_1_133' title='bbox 2079 736 2169 767; x_wconf 88' lang='lat' dir='ltr'>Stutt-</span> 
     </span>
     <span class='ocr_line' id='line_1_15' title="bbox 389 779 1209 817; baseline -0.001 -10"><span class='ocrx_word' id='word_1_134' title='bbox 389 779 519 817; x_wconf 87' lang='lat' dir='ltr'>gardiam</span> <span class='ocrx_word' id='word_1_135' title='bbox 539 779 626 806; x_wconf 85' lang='lat' dir='ltr'>mittit</span> <span class='ocrx_word' id='word_1_136' title='bbox 651 787 810 814; x_wconf 84' lang='lat' dir='ltr'>„summam</span> <span class='ocrx_word' id='word_1_137' title='bbox 835 779 982 807; x_wconf 86' lang='lat' dir='ltr'>doctrinae</span> <span class='ocrx_word' id='word_1_138' title='bbox 1004 779 1209 806; x_wconf 81' lang='lat' dir='ltr'>ch1·istianae“.</span> 
     </span>
    </p>

    <p class='ocr_par' dir='ltr' id='par_1_5' title="bbox 166 820 2170 978">
     <span class='ocr_line' id='line_1_16' title="bbox 166 820 2169 860; baseline 0 -10"><span class='ocrx_word' id='word_1_139' title='bbox 166 821 230 850; x_wconf 90' lang='lat' dir='ltr'>Iun.</span> <span class='ocrx_word' id='word_1_140' title='bbox 352 820 387 849; x_wconf 93' lang='lat' dir='ltr'>In</span> <span class='ocrx_word' id='word_1_141' title='bbox 409 822 503 850; x_wconf 83' lang='lat' dir='ltr'>reditu</span> <span class='ocrx_word' id='word_1_142' title='bbox 532 831 589 849; x_wconf 89' lang='lat' dir='ltr'>non</span> <span class='ocrx_word' id='word_1_143' title='bbox 612 821 699 858; x_wconf 83' lang='lat' dir='ltr'>longe</span> <span class='ocrx_word' id='word_1_144' title='bbox 721 820 927 849; x_wconf 76' lang='lat' dir='ltr'>Francofordia</span> <span class='ocrx_word' id='word_1_145' title='bbox 950 821 1065 849; x_wconf 87' lang='lat' dir='ltr'>obviam</span> <span class='ocrx_word' id='word_1_146' title='bbox 1084 822 1177 849; x_wconf 84' lang='lat' dir='ltr'>factus</span> <span class='ocrx_word' id='word_1_147' title='bbox 1201 826 1244 849; x_wconf 90' lang='lat' dir='ltr'>est</span> <span class='ocrx_word' id='word_1_148' title='bbox 1266 820 1448 849; x_wconf 81' lang='lat' dir='ltr'>Melanthoni</span> <span class='ocrx_word' id='word_1_149' title='bbox 1470 821 1683 858; x_wconf 85' lang='lat' dir='ltr'>Philippus,</span> <span class='ocrx_word' id='word_1_150' title='bbox 1706 822 1871 860; x_wconf 83' lang='lat' dir='ltr'>Landgrav.</span> <span class='ocrx_word' id='word_1_151' title='bbox 1894 823 2037 858; x_wconf 83' lang='lat' dir='ltr'>Hassiae,</span> <span class='ocrx_word' id='word_1_152' title='bbox 2061 827 2109 860; x_wconf 92' lang='lat' dir='ltr'>qui</span> <span class='ocrx_word' id='word_1_153' title='bbox 2133 824 2169 853; x_wconf 81' lang='lat' dir='ltr'>ab</span> 
     </span>
     <span class='ocr_line' id='line_1_17' title="bbox 389 863 2168 905; baseline 0.002 -13"><span class='ocrx_word' id='word_1_154' title='bbox 389 874 424 892; x_wconf 89' lang='lat' dir='ltr'>eo</span> <span class='ocrx_word' id='word_1_155' title='bbox 447 865 538 901; x_wconf 81' lang='lat' dir='ltr'>petiit,</span> <span class='ocrx_word' id='word_1_156' title='bbox 562 869 602 899; x_wconf 87' lang='lat' dir='ltr'>ut,</span> <span class='ocrx_word' id='word_1_157' title='bbox 626 864 742 891; x_wconf 91' lang='lat' dir='ltr'>domum</span> <span class='ocrx_word' id='word_1_158' title='bbox 763 873 908 899; x_wconf 80' lang='lat' dir='ltr'>reversus,</span> <span class='ocrx_word' id='word_1_159' title='bbox 941 865 976 892; x_wconf 85' lang='lat' dir='ltr'>de</span> <span class='ocrx_word' id='word_1_160' title='bbox 1000 864 1216 901; x_wconf 76' lang='lat' dir='ltr'>quaestionibus</span> <span class='ocrx_word' id='word_1_161' title='bbox 1238 864 1410 900; x_wconf 79' lang='lat' dir='ltr'>theologicis</span> <span class='ocrx_word' id='word_1_162' title='bbox 1434 868 1494 891; x_wconf 89' lang='lat' dir='ltr'>tum</span> <span class='ocrx_word' id='word_1_163' title='bbox 1524 864 1599 891; x_wconf 88' lang='lat' dir='ltr'>inter</span> <span class='ocrx_word' id='word_1_164' title='bbox 1622 863 1782 893; x_wconf 83' lang='lat' dir='ltr'>Lutherum</span> <span class='ocrx_word' id='word_1_165' title='bbox 1808 871 1836 893; x_wconf 89' lang='lat' dir='ltr'>et</span> <span class='ocrx_word' id='word_1_166' title='bbox 1859 864 2027 896; x_wconf 88' lang='lat' dir='ltr'>Catholicos</span> <span class='ocrx_word' id='word_1_167' title='bbox 2049 868 2168 905; x_wconf 86' lang='lat' dir='ltr'>agitatis</span> 
     </span>
     <span class='ocr_line' id='line_1_18' title="bbox 388 905 2170 944; baseline 0.002 -9"><span class='ocrx_word' id='word_1_168' title='bbox 388 907 443 935; x_wconf 88' lang='lat' dir='ltr'>sibi</span> <span class='ocrx_word' id='word_1_169' title='bbox 467 907 575 944; x_wconf 88' lang='lat' dir='ltr'>aliquid</span> <span class='ocrx_word' id='word_1_170' title='bbox 598 907 743 934; x_wconf 79' lang='lat' dir='ltr'>scriberet.</span> <span class='ocrx_word' id='word_1_171' title='bbox 790 905 883 935; x_wconf 88' lang='lat' dir='ltr'>Simul</span> <span class='ocrx_word' id='word_1_172' title='bbox 904 907 959 935; x_wconf 88' lang='lat' dir='ltr'>iter</span> <span class='ocrx_word' id='word_1_173' title='bbox 977 907 1193 935; x_wconf 89' lang='lat' dir='ltr'>Melanthonem</span> <span class='ocrx_word' id='word_1_174' title='bbox 1216 907 1310 934; x_wconf 88' lang='lat' dir='ltr'>facere</span> <span class='ocrx_word' id='word_1_175' title='bbox 1332 906 1418 936; x_wconf 75' lang='lat' dir='ltr'>iussit</span> <span class='ocrx_word' id='word_1_176' title='bbox 1440 916 1492 943; x_wconf 88' lang='lat' dir='ltr'>per</span> <span class='ocrx_word' id='word_1_177' title='bbox 1515 906 1654 935; x_wconf 82' lang='lat' dir='ltr'>Hassiam</span> <span class='ocrx_word' id='word_1_178' title='bbox 1685 912 1712 935; x_wconf 88' lang='lat' dir='ltr'>et</span> <span class='ocrx_word' id='word_1_179' title='bbox 1735 909 1873 937; x_wconf 84' lang='lat' dir='ltr'>mandata</span> <span class='ocrx_word' id='word_1_180' title='bbox 1901 909 1979 938; x_wconf 82' lang='lat' dir='ltr'>dedit</span> <span class='ocrx_word' id='word_1_181' title='bbox 2003 911 2038 938; x_wconf 87' lang='lat' dir='ltr'>de</span> <span class='ocrx_word' id='word_1_182' title='bbox 2061 911 2170 939; x_wconf 83' lang='lat' dir='ltr'>usitata</span> 
     </span>
     <span class='ocr_line' id='line_1_19' title="bbox 390 949 863 978; baseline 0.002 -1"><span class='ocrx_word' id='word_1_183' title='bbox 390 950 562 978; x_wconf 85' lang='lat' dir='ltr'>deductione</span> <span class='ocrx_word' id='word_1_184' title='bbox 581 950 611 977; x_wconf 90' lang='lat' dir='ltr'>in</span> <span class='ocrx_word' id='word_1_185' title='bbox 633 959 686 978; x_wconf 87' lang='lat' dir='ltr'>suo</span> <span class='ocrx_word' id='word_1_186' title='bbox 709 949 863 978; x_wconf 83' lang='lat' dir='ltr'>territorio.</span> 
     </span>
    </p>

    <p class='ocr_par' dir='ltr' id='par_1_6' title="bbox 165 989 1756 1200">
     <span class='ocr_line' id='line_1_20' title="bbox 281 989 1652 1029; baseline 0 -8"><span class='ocrx_word' id='word_1_187' title='bbox 281 994 329 1022; x_wconf 83' lang='lat'>15.</span> <span class='ocrx_word' id='word_1_188' title='bbox 352 993 523 1021; x_wconf 84' lang='lat' dir='ltr'>Melanthon</span> <span class='ocrx_word' id='word_1_189' title='bbox 546 993 602 1020; x_wconf 91' lang='lat' dir='ltr'>hoc</span> <span class='ocrx_word' id='word_1_190' title='bbox 624 992 670 1020; x_wconf 87' lang='lat' dir='ltr'>die</span> <span class='ocrx_word' id='word_1_191' title='bbox 692 992 795 1020; x_wconf 89' lang='lat' dir='ltr'>iterum</span> <span class='ocrx_word' id='word_1_192' title='bbox 818 992 992 1029; x_wconf 85' lang='lat' dir='ltr'>Vitebergae</span> <span class='ocrx_word' id='word_1_193' title='bbox 1014 998 1064 1022; x_wconf 85' lang='lat' dir='ltr'>est.</span> <span class='ocrx_word' id='word_1_194' title='bbox 1111 992 1191 1028; x_wconf 92' lang='lat' dir='ltr'>(Vid.</span> <span class='ocrx_word' id='word_1_195' title='bbox 1215 1001 1259 1029; x_wconf 87' lang='lat' dir='ltr'>ep.</span> <span class='ocrx_word' id='word_1_196' title='bbox 1283 991 1370 1019; x_wconf 91' lang='lat' dir='ltr'>Luth.</span> <span class='ocrx_word' id='word_1_197' title='bbox 1392 991 1428 1020; x_wconf 86' lang='lat' dir='ltr'>ad</span> <span class='ocrx_word' id='word_1_198' title='bbox 1451 989 1652 1029; x_wconf 82' lang='lat' dir='ltr'>Capitonem.)</span> 
     </span>
     <span class='ocr_line' id='line_1_21' title="bbox 166 1034 1344 1064; baseline -0.001 -1"><span class='ocrx_word' id='word_1_199' title='bbox 166 1035 221 1064; x_wconf 90' lang='lat' dir='ltr'>Iul.</span> <span class='ocrx_word' id='word_1_200' title='bbox 304 1037 331 1064; x_wconf 87' lang='lat'>5.</span> <span class='ocrx_word' id='word_1_201' title='bbox 355 1035 529 1063; x_wconf 88' lang='lat' dir='ltr'>Wilhelmus</span> <span class='ocrx_word' id='word_1_202' title='bbox 550 1034 737 1063; x_wconf 88' lang='lat' dir='ltr'>Nissenus</span> <span class='ocrx_word' id='word_1_203' title='bbox 760 1035 836 1063; x_wconf 81' lang='lat' dir='ltr'>inter</span> <span class='ocrx_word' id='word_1_204' title='bbox 858 1035 1013 1063; x_wconf 85' lang='lat' dir='ltr'>lavandum</span> <span class='ocrx_word' id='word_1_205' title='bbox 1036 1035 1193 1063; x_wconf 85' lang='lat' dir='ltr'>suffocatur</span> <span class='ocrx_word' id='word_1_206' title='bbox 1213 1035 1242 1062; x_wconf 88' lang='lat' dir='ltr'>in</span> <span class='ocrx_word' id='word_1_207' title='bbox 1265 1035 1344 1062; x_wconf 85' lang='lat' dir='ltr'>Albi.</span> 
     </span>
     <span class='ocr_line' id='line_1_22' title="bbox 165 1077 1419 1116; baseline -0.002 -9"><span class='ocrx_word' id='word_1_208' title='bbox 165 1080 242 1116; x_wconf 87' lang='lat' dir='ltr'>Aug.</span> <span class='ocrx_word' id='word_1_209' title='bbox 353 1078 455 1106; x_wconf 82' lang='lat' dir='ltr'>Mense</span> <span class='ocrx_word' id='word_1_210' title='bbox 477 1077 625 1116; x_wconf 80' lang='lat' dir='ltr'>praefatur</span> <span class='ocrx_word' id='word_1_211' title='bbox 647 1078 677 1105; x_wconf 92' lang='lat' dir='ltr'>in</span> <span class='ocrx_word' id='word_1_212' title='bbox 700 1077 875 1105; x_wconf 82' lang='lat' dir='ltr'>Psalterium</span> <span class='ocrx_word' id='word_1_213' title='bbox 898 1077 1021 1106; x_wconf 86' lang='lat' dir='ltr'>Davidis</span> <span class='ocrx_word' id='word_1_214' title='bbox 1044 1087 1062 1105; x_wconf 87' lang='lat' dir='ltr'>a</span> <span class='ocrx_word' id='word_1_215' title='bbox 1084 1077 1277 1115; x_wconf 85' lang='lat' dir='ltr'>Bugenhagio</span> <span class='ocrx_word' id='word_1_216' title='bbox 1301 1078 1419 1105; x_wconf 87' lang='lat' dir='ltr'>editum.</span> 
     </span>
     <span class='ocr_line' id='line_1_23' title="bbox 356 1119 1756 1158; baseline 0.001 -10"><span class='ocrx_word' id='word_1_217' title='bbox 356 1121 509 1148; x_wconf 80' lang='lat' dir='ltr'>Praefatur</span> <span class='ocrx_word' id='word_1_218' title='bbox 530 1121 559 1148; x_wconf 94' lang='lat' dir='ltr'>in</span> <span class='ocrx_word' id='word_1_219' title='bbox 582 1119 730 1157; x_wconf 87' lang='lat' dir='ltr'>Obsopaei</span> <span class='ocrx_word' id='word_1_220' title='bbox 754 1122 915 1148; x_wconf 81' lang='lat' dir='ltr'>versionem</span> <span class='ocrx_word' id='word_1_221' title='bbox 938 1121 1004 1148; x_wconf 82' lang='lat' dir='ltr'>libri</span> <span class='ocrx_word' id='word_1_222' title='bbox 1027 1120 1147 1149; x_wconf 86' lang='lat' dir='ltr'>Lutheri</span> <span class='ocrx_word' id='word_1_223' title='bbox 1169 1120 1328 1158; x_wconf 79' lang='lat' dir='ltr'>germanici</span> <span class='ocrx_word' id='word_1_224' title='bbox 1351 1120 1386 1148; x_wconf 87' lang='lat' dir='ltr'>de</span> <span class='ocrx_word' id='word_1_225' title='bbox 1409 1120 1619 1149; x_wconf 76' lang='lat' dir='ltr'>constituendis</span> <span class='ocrx_word' id='word_1_226' title='bbox 1640 1120 1756 1150; x_wconf 89' lang='lat' dir='ltr'>scholis.</span> 
     </span>
     <span class='ocr_line' id='line_1_24' title="bbox 355 1161 1599 1200; baseline 0 -8"><span class='ocrx_word' id='word_1_227' title='bbox 355 1163 421 1192; x_wconf 89' lang='lat' dir='ltr'>Hoc</span> <span class='ocrx_word' id='word_1_228' title='bbox 443 1172 543 1191; x_wconf 84' lang='lat' dir='ltr'>mense</span> <span class='ocrx_word' id='word_1_229' title='bbox 567 1163 748 1191; x_wconf 88' lang='lat' dir='ltr'>Amsdorfius</span> <span class='ocrx_word' id='word_1_230' title='bbox 771 1167 798 1190; x_wconf 89' lang='lat' dir='ltr'>et</span> <span class='ocrx_word' id='word_1_231' title='bbox 821 1161 1005 1191; x_wconf 84' lang='lat' dir='ltr'>Camerarius</span> <span class='ocrx_word' id='word_1_232' title='bbox 1028 1163 1181 1192; x_wconf 86' lang='lat' dir='ltr'>discedunt</span> <span class='ocrx_word' id='word_1_233' title='bbox 1204 1173 1240 1191; x_wconf 86' lang='lat' dir='ltr'>ex</span> <span class='ocrx_word' id='word_1_234' title='bbox 1263 1163 1363 1191; x_wconf 85' lang='lat' dir='ltr'>schola</span> <span class='ocrx_word' id='word_1_235' title='bbox 1385 1163 1599 1200; x_wconf 87' lang='lat' dir='ltr'>Vitebergensi.</span> 
     </span>
    </p>

    <p class='ocr_par' dir='ltr' id='par_1_7' title="bbox 166 1205 1252 1286">
     <span class='ocr_line' id='line_1_25' title="bbox 166 1205 1038 1244; baseline 0 -9"><span class='ocrx_word' id='word_1_236' title='bbox 166 1205 245 1244; x_wconf 85' lang='lat' dir='ltr'>Sept.</span> <span class='ocrx_word' id='word_1_237' title='bbox 281 1206 330 1235; x_wconf 91' lang='lat'>30.</span> <span class='ocrx_word' id='word_1_238' title='bbox 355 1207 487 1234; x_wconf 85' lang='lat' dir='ltr'>Excusat</span> <span class='ocrx_word' id='word_1_239' title='bbox 509 1205 667 1234; x_wconf 83' lang='lat' dir='ltr'>Lutherum</span> <span class='ocrx_word' id='word_1_240' title='bbox 689 1206 812 1233; x_wconf 88' lang='lat' dir='ltr'>Erasmo</span> <span class='ocrx_word' id='word_1_241' title='bbox 830 1205 1038 1235; x_wconf 85' lang='lat' dir='ltr'>RoterodamO.</span> 
     </span>
     <span class='ocr_line' id='line_1_26' title="bbox 355 1248 1252 1286; baseline -0.001 -9"><span class='ocrx_word' id='word_1_242' title='bbox 355 1248 507 1286; x_wconf 80' lang='lat' dir='ltr'>Spalatino</span> <span class='ocrx_word' id='word_1_243' title='bbox 529 1249 637 1283; x_wconf 79' lang='lat' dir='ltr'>scribit,</span> <span class='ocrx_word' id='word_1_244' title='bbox 658 1258 688 1276; x_wconf 87' lang='lat' dir='ltr'>se</span> <span class='ocrx_word' id='word_1_245' title='bbox 712 1248 789 1276; x_wconf 86' lang='lat' dir='ltr'>nolle</span> <span class='ocrx_word' id='word_1_246' title='bbox 812 1249 938 1286; x_wconf 87' lang='lat' dir='ltr'>amplius</span> <span class='ocrx_word' id='word_1_247' title='bbox 960 1248 1057 1285; x_wconf 88' lang='lat' dir='ltr'>legere</span> <span class='ocrx_word' id='word_1_248' title='bbox 1078 1248 1252 1285; x_wconf 87' lang='lat' dir='ltr'>theologica.</span> 
     </span>
    </p>

    <p class='ocr_par' dir='ltr' id='par_1_8' title="bbox 167 1289 2169 1713">
     <span class='ocr_line' id='line_1_27' title="bbox 167 1289 2167 1328; baseline 0.001 -9"><span class='ocrx_word' id='word_1_249' title='bbox 167 1290 231 1320; x_wconf 86' lang='lat' dir='ltr'>Oct.</span> <span class='ocrx_word' id='word_1_250' title='bbox 281 1293 329 1321; x_wconf 88' lang='lat'>31.</span> <span class='ocrx_word' id='word_1_251' title='bbox 352 1294 379 1320; x_wconf 90' lang='lat' dir='ltr'><strong>A</strong></span> <span class='ocrx_word' id='word_1_252' title='bbox 403 1290 511 1320; x_wconf 84' lang='lat' dir='ltr'>Senatu</span> <span class='ocrx_word' id='word_1_253' title='bbox 534 1291 763 1328; x_wconf 84' lang='lat' dir='ltr'>Norinbergensi</span> <span class='ocrx_word' id='word_1_254' title='bbox 786 1301 836 1327; x_wconf 82' lang='lat' dir='ltr'>per</span> <span class='ocrx_word' id='word_1_255' title='bbox 859 1291 941 1318; x_wconf 89' lang='lat' dir='ltr'>Hier.</span> <span class='ocrx_word' id='word_1_256' title='bbox 966 1291 1228 1328; x_wconf 86' lang='lat' dir='ltr'>Baumgartnerum</span> <span class='ocrx_word' id='word_1_257' title='bbox 1253 1295 1371 1318; x_wconf 86' lang='lat' dir='ltr'>vocatus</span> <span class='ocrx_word' id='word_1_258' title='bbox 1400 1295 1461 1318; x_wconf 89' lang='lat' dir='ltr'>erat</span> <span class='ocrx_word' id='word_1_259' title='bbox 1484 1290 1640 1328; x_wconf 88' lang='lat' dir='ltr'>Philippus</span> <span class='ocrx_word' id='word_1_260' title='bbox 1662 1289 1893 1327; x_wconf 56' lang='lat' dir='ltr'>Norinbmgam,</span> <span class='ocrx_word' id='word_1_261' title='bbox 1922 1295 1955 1319; x_wconf 89' lang='lat' dir='ltr'>ut</span> <span class='ocrx_word' id='word_1_262' title='bbox 1977 1292 2017 1319; x_wconf 94' lang='lat' dir='ltr'>ibi</span> <span class='ocrx_word' id='word_1_263' title='bbox 2040 1292 2167 1328; x_wconf 84' lang='lat' dir='ltr'>scholae,</span> 
     </span>
     <span class='ocr_line' id='line_1_28' title="bbox 389 1332 2169 1370; baseline 0 -7"><span class='ocrx_word' id='word_1_264' title='bbox 389 1345 407 1362; x_wconf 88' lang='lat' dir='ltr'>a</span> <span class='ocrx_word' id='word_1_265' title='bbox 429 1334 538 1363; x_wconf 82' lang='lat' dir='ltr'>Senatu</span> <span class='ocrx_word' id='word_1_266' title='bbox 558 1334 762 1368; x_wconf 84' lang='lat' dir='ltr'>instituendae,</span> <span class='ocrx_word' id='word_1_267' title='bbox 780 1338 936 1370; x_wconf 83' lang='lat' dir='ltr'>praeesset.</span> <span class='ocrx_word' id='word_1_268' title='bbox 981 1333 1150 1370; x_wconf 83' lang='lat' dir='ltr'>Respondet</span> <span class='ocrx_word' id='word_1_269' title='bbox 1173 1333 1414 1369; x_wconf 87' lang='lat' dir='ltr'>Baumgartnero,</span> <span class='ocrx_word' id='word_1_270' title='bbox 1436 1341 1467 1361; x_wconf 88' lang='lat' dir='ltr'>se</span> <span class='ocrx_word' id='word_1_271' title='bbox 1489 1333 1576 1360; x_wconf 91' lang='lat' dir='ltr'>fidem</span> <span class='ocrx_word' id='word_1_272' title='bbox 1599 1333 1695 1361; x_wconf 84' lang='lat' dir='ltr'>datam</span> <span class='ocrx_word' id='word_1_273' title='bbox 1719 1332 1850 1370; x_wconf 89' lang='lat' dir='ltr'>Principi</span> <span class='ocrx_word' id='word_1_274' title='bbox 1873 1333 2000 1362; x_wconf 84' lang='lat' dir='ltr'>Electori</span> <span class='ocrx_word' id='word_1_275' title='bbox 2022 1332 2091 1364; x_wconf 81' lang='lat' dir='ltr'>Sax.</span> <span class='ocrx_word' id='word_1_276' title='bbox 2116 1335 2169 1363; x_wconf 86' lang='lat' dir='ltr'>fal-</span> 
     </span>
     <span class='ocr_line' id='line_1_29' title="bbox 388 1374 2169 1413; baseline 0.001 -8"><span class='ocrx_word' id='word_1_277' title='bbox 388 1377 448 1405; x_wconf 85' lang='lat' dir='ltr'>lere</span> <span class='ocrx_word' id='word_1_278' title='bbox 476 1387 535 1405; x_wconf 91' lang='lat' dir='ltr'>non</span> <span class='ocrx_word' id='word_1_279' title='bbox 564 1377 651 1411; x_wconf 84' lang='lat' dir='ltr'>velle,</span> <span class='ocrx_word' id='word_1_280' title='bbox 687 1381 715 1404; x_wconf 87' lang='lat' dir='ltr'>et</span> <span class='ocrx_word' id='word_1_281' title='bbox 747 1377 931 1404; x_wconf 84' lang='lat' dir='ltr'>commendat</span> <span class='ocrx_word' id='word_1_282' title='bbox 964 1377 990 1404; x_wconf 88' lang='lat' dir='ltr'>ei</span> <span class='ocrx_word' id='word_1_283' title='bbox 1012 1376 1166 1404; x_wconf 86' lang='lat' dir='ltr'>Ecbanum</span> <span class='ocrx_word' id='word_1_284' title='bbox 1188 1375 1327 1404; x_wconf 84' lang='lat' dir='ltr'>Hessum.</span> <span class='ocrx_word' id='word_1_285' title='bbox 1371 1374 1478 1404; x_wconf 85' lang='lat' dir='ltr'>Scribit</span> <span class='ocrx_word' id='word_1_286' title='bbox 1506 1376 1591 1404; x_wconf 90' lang='lat' dir='ltr'>simul</span> <span class='ocrx_word' id='word_1_287' title='bbox 1621 1376 1698 1404; x_wconf 87' lang='lat' dir='ltr'>lectu</span> <span class='ocrx_word' id='word_1_288' title='bbox 1727 1376 1897 1413; x_wconf 85' lang='lat' dir='ltr'>dignissima</span> <span class='ocrx_word' id='word_1_289' title='bbox 1919 1377 1955 1404; x_wconf 89' lang='lat' dir='ltr'>de</span> <span class='ocrx_word' id='word_1_290' title='bbox 1975 1377 2078 1405; x_wconf 83' lang='lat' dir='ltr'>studiis</span> <span class='ocrx_word' id='word_1_291' title='bbox 2100 1378 2169 1406; x_wconf 85' lang='lat' dir='ltr'>suis.</span> 
     </span>
     <span class='ocr_line' id='line_1_30' title="bbox 390 1418 2169 1456; baseline 0.001 -8"><span class='ocrx_word' id='word_1_292' title='bbox 390 1419 501 1456; x_wconf 84' lang='lat' dir='ltr'>(Quum</span> <span class='ocrx_word' id='word_1_293' title='bbox 524 1419 708 1448; x_wconf 80' lang='lat' dir='ltr'>Camerarius</span> <span class='ocrx_word' id='word_1_294' title='bbox 730 1419 761 1446; x_wconf 89' lang='lat' dir='ltr'>in</span> <span class='ocrx_word' id='word_1_295' title='bbox 785 1419 845 1446; x_wconf 86' lang='lat' dir='ltr'>vita</span> <span class='ocrx_word' id='word_1_296' title='bbox 867 1419 1063 1447; x_wconf 87' lang='lat' dir='ltr'>Melanthonis</span> <span class='ocrx_word' id='word_1_297' title='bbox 1086 1420 1112 1455; x_wconf 74' lang='lat' dir='ltr'>S.</span> <span class='ocrx_word' id='word_1_298' title='bbox 1139 1420 1187 1448; x_wconf 86' lang='lat'>31.</span> <span class='ocrx_word' id='word_1_299' title='bbox 1216 1419 1290 1447; x_wconf 89' lang='lat' dir='ltr'>hanc</span> <span class='ocrx_word' id='word_1_300' title='bbox 1320 1419 1501 1447; x_wconf 82' lang='lat' dir='ltr'>vocationem</span> <span class='ocrx_word' id='word_1_301' title='bbox 1524 1418 1722 1447; x_wconf 89' lang='lat' dir='ltr'>Melanthonis</span> <span class='ocrx_word' id='word_1_302' title='bbox 1750 1428 1828 1447; x_wconf 90' lang='lat' dir='ltr'>anno</span> <span class='ocrx_word' id='word_1_303' title='bbox 1854 1418 1943 1447; x_wconf 80' lang='lat'>1524.</span> <span class='ocrx_word' id='word_1_304' title='bbox 1976 1419 2081 1448; x_wconf 88' lang='lat' dir='ltr'>factam</span> <span class='ocrx_word' id='word_1_305' title='bbox 2108 1429 2169 1449; x_wconf 86' lang='lat' dir='ltr'>non</span> 
     </span>
     <span class='ocr_line' id='line_1_31' title="bbox 389 1460 2168 1499; baseline 0 -8"><span class='ocrx_word' id='word_1_306' title='bbox 389 1463 670 1497; x_wconf 85' lang='lat' dir='ltr'>commemoraverit,</span> <span class='ocrx_word' id='word_1_307' title='bbox 694 1462 744 1490; x_wconf 87' lang='lat' dir='ltr'>sed</span> <span class='ocrx_word' id='word_1_308' title='bbox 767 1465 878 1489; x_wconf 81' lang='lat' dir='ltr'>tantum</span> <span class='ocrx_word' id='word_1_309' title='bbox 902 1462 957 1490; x_wconf 87' lang='lat' dir='ltr'>iter</span> <span class='ocrx_word' id='word_1_310' title='bbox 977 1461 1173 1490; x_wconf 85' lang='lat' dir='ltr'>Melanthonis</span> <span class='ocrx_word' id='word_1_311' title='bbox 1202 1462 1232 1489; x_wconf 88' lang='lat' dir='ltr'>in</span> <span class='ocrx_word' id='word_1_312' title='bbox 1251 1465 1407 1490; x_wconf 84' lang='lat' dir='ltr'>auctumno</span> <span class='ocrx_word' id='word_1_313' title='bbox 1429 1471 1474 1490; x_wconf 89' lang='lat' dir='ltr'>an.</span> <span class='ocrx_word' id='word_1_314' title='bbox 1501 1461 1593 1490; x_wconf 85' lang='lat'>1525.</span> <span class='ocrx_word' id='word_1_315' title='bbox 1622 1460 1838 1498; x_wconf 85' lang='lat' dir='ltr'>Norinbergam</span> <span class='ocrx_word' id='word_1_316' title='bbox 1863 1461 1971 1490; x_wconf 87' lang='lat' dir='ltr'>factum</span> <span class='ocrx_word' id='word_1_317' title='bbox 1996 1464 2168 1499; x_wconf 88' lang='lat' dir='ltr'>narraverit,</span> 
     </span>
     <span class='ocr_line' id='line_1_32' title="bbox 390 1504 2168 1543; baseline 0 -10"><span class='ocrx_word' id='word_1_318' title='bbox 390 1506 514 1533; x_wconf 87' lang='lat' dir='ltr'>editores</span> <span class='ocrx_word' id='word_1_319' title='bbox 538 1505 723 1542; x_wconf 87' lang='lat' dir='ltr'>epistolarum</span> <span class='ocrx_word' id='word_1_320' title='bbox 742 1504 809 1532; x_wconf 85' lang='lat' dir='ltr'>Mel.</span> <span class='ocrx_word' id='word_1_321' title='bbox 833 1505 871 1533; x_wconf 91' lang='lat' dir='ltr'>iis</span> <span class='ocrx_word' id='word_1_322' title='bbox 895 1504 1043 1542; x_wconf 84' lang='lat' dir='ltr'>epistolis,</span> <span class='ocrx_word' id='word_1_323' title='bbox 1071 1515 1146 1543; x_wconf 87' lang='lat' dir='ltr'>quae</span> <span class='ocrx_word' id='word_1_324' title='bbox 1169 1505 1199 1532; x_wconf 88' lang='lat' dir='ltr'>in</span> <span class='ocrx_word' id='word_1_325' title='bbox 1222 1509 1377 1532; x_wconf 88' lang='lat' dir='ltr'>auctumno</span> <span class='ocrx_word' id='word_1_326' title='bbox 1403 1505 1494 1534; x_wconf 86' lang='lat'>1524.</span> <span class='ocrx_word' id='word_1_327' title='bbox 1518 1504 1573 1532; x_wconf 87' lang='lat' dir='ltr'>hae</span> <span class='ocrx_word' id='word_1_328' title='bbox 1592 1505 1627 1532; x_wconf 89' lang='lat' dir='ltr'>de</span> <span class='ocrx_word' id='word_1_329' title='bbox 1650 1514 1681 1533; x_wconf 88' lang='lat' dir='ltr'>re</span> <span class='ocrx_word' id='word_1_330' title='bbox 1705 1505 1830 1542; x_wconf 86' lang='lat' dir='ltr'>scriptae</span> <span class='ocrx_word' id='word_1_331' title='bbox 1849 1509 1932 1539; x_wconf 90' lang='lat' dir='ltr'>sunt,</span> <span class='ocrx_word' id='word_1_332' title='bbox 1951 1505 2168 1542; x_wconf 86' lang='lat' dir='ltr'>adscripserunt</span> 
     </span>
     <span class='ocr_line' id='line_1_33' title="bbox 388 1546 2166 1584; baseline 0.001 -9"><span class='ocrx_word' id='word_1_333' title='bbox 388 1558 497 1576; x_wconf 83' lang='lat' dir='ltr'>annum</span> <span class='ocrx_word' id='word_1_334' title='bbox 523 1548 612 1577; x_wconf 84' lang='lat'>1525.</span> <span class='ocrx_word' id='word_1_335' title='bbox 658 1546 717 1576; x_wconf 90' lang='lat' dir='ltr'>Sed</span> <span class='ocrx_word' id='word_1_336' title='bbox 739 1556 826 1584; x_wconf 89' lang='lat' dir='ltr'>quum</span> <span class='ocrx_word' id='word_1_337' title='bbox 850 1547 1019 1576; x_wconf 89' lang='lat' dir='ltr'>Melanthon</span> <span class='ocrx_word' id='word_1_338' title='bbox 1042 1549 1068 1576; x_wconf 90' lang='lat' dir='ltr'>d.</span> <span class='ocrx_word' id='word_1_339' title='bbox 1093 1549 1142 1576; x_wconf 83' lang='lat'>31.</span> <span class='ocrx_word' id='word_1_340' title='bbox 1166 1547 1229 1575; x_wconf 86' lang='lat' dir='ltr'>Oct.</span> <span class='ocrx_word' id='word_1_341' title='bbox 1254 1547 1372 1582; x_wconf 86' lang='lat' dir='ltr'>scribat,</span> <span class='ocrx_word' id='word_1_342' title='bbox 1395 1556 1426 1575; x_wconf 88' lang='lat' dir='ltr'>se</span> <span class='ocrx_word' id='word_1_343' title='bbox 1445 1547 1552 1584; x_wconf 84' lang='lat' dir='ltr'>pietate</span> <span class='ocrx_word' id='word_1_344' title='bbox 1576 1556 1645 1584; x_wconf 81' lang='lat' dir='ltr'>erga</span> <span class='ocrx_word' id='word_1_345' title='bbox 1665 1547 1895 1575; x_wconf 84' lang='lat' dir='ltr'>Friderieum</span> <span class='ocrx_word' id='word_1_346' title='bbox 1919 1547 1967 1576; x_wconf 88' lang='lat' dir='ltr'>Pr.</span> <span class='ocrx_word' id='word_1_347' title='bbox 1990 1547 2166 1583; x_wconf 70' lang='lat' dir='ltr'>mentorem,</span> 
     </span>
     <span class='ocr_line' id='line_1_34' title="bbox 389 1590 2167 1628; baseline 0 -9"><span class='ocrx_word' id='word_1_348' title='bbox 389 1601 407 1619; x_wconf 86' lang='lat' dir='ltr'>a</span> <span class='ocrx_word' id='word_1_349' title='bbox 429 1600 487 1628; x_wconf 94' lang='lat' dir='ltr'>quo</span> <span class='ocrx_word' id='word_1_350' title='bbox 510 1591 698 1628; x_wconf 86' lang='lat' dir='ltr'>Vitebergam</span> <span class='ocrx_word' id='word_1_351' title='bbox 722 1596 841 1618; x_wconf 83' lang='lat' dir='ltr'>vocatus</span> <span class='ocrx_word' id='word_1_352' title='bbox 860 1590 955 1625; x_wconf 72' lang='lat' dir='ltr'>fuerit,</span> <span class='ocrx_word' id='word_1_353' title='bbox 978 1591 1142 1628; x_wconf 87' lang='lat' dir='ltr'>permoveri</span> <span class='ocrx_word' id='word_1_354' title='bbox 1165 1600 1202 1618; x_wconf 87' lang='lat' dir='ltr'>ne</span> <span class='ocrx_word' id='word_1_355' title='bbox 1226 1591 1364 1625; x_wconf 87' lang='lat' dir='ltr'>discedat,</span> <span class='ocrx_word' id='word_1_356' title='bbox 1388 1590 1434 1619; x_wconf 90' lang='lat' dir='ltr'>hic</span> <span class='ocrx_word' id='word_1_357' title='bbox 1458 1599 1526 1618; x_wconf 88' lang='lat' dir='ltr'>vero</span> <span class='ocrx_word' id='word_1_358' title='bbox 1549 1590 1576 1618; x_wconf 94' lang='lat' dir='ltr'>d.</span> <span class='ocrx_word' id='word_1_359' title='bbox 1602 1591 1628 1618; x_wconf 89' lang='lat'>5.</span> <span class='ocrx_word' id='word_1_360' title='bbox 1653 1590 1723 1617; x_wconf 88' lang='lat' dir='ltr'>Maii</span> <span class='ocrx_word' id='word_1_361' title='bbox 1748 1590 1839 1618; x_wconf 84' lang='lat'>1525.</span> <span class='ocrx_word' id='word_1_362' title='bbox 1871 1594 2003 1618; x_wconf 85' lang='lat' dir='ltr'>mortuus</span> <span class='ocrx_word' id='word_1_363' title='bbox 2026 1591 2073 1625; x_wconf 86' lang='lat' dir='ltr'>sit,</span> <span class='ocrx_word' id='word_1_364' title='bbox 2096 1591 2167 1619; x_wconf 83' lang='lat' dir='ltr'>satis</span> 
     </span>
     <span class='ocr_line' id='line_1_35' title="bbox 388 1632 2167 1671; baseline 0.001 -10"><span class='ocrx_word' id='word_1_365' title='bbox 388 1639 478 1671; x_wconf 85' lang='lat' dir='ltr'>patet,</span> <span class='ocrx_word' id='word_1_366' title='bbox 501 1633 717 1661; x_wconf 80' lang='lat' dir='ltr'>Melanthonem</span> <span class='ocrx_word' id='word_1_367' title='bbox 739 1633 769 1661; x_wconf 94' lang='lat' dir='ltr'>in</span> <span class='ocrx_word' id='word_1_368' title='bbox 792 1638 947 1661; x_wconf 82' lang='lat' dir='ltr'>auctumno</span> <span class='ocrx_word' id='word_1_369' title='bbox 971 1634 1038 1661; x_wconf 88' lang='lat' dir='ltr'>anni</span> <span class='ocrx_word' id='word_1_370' title='bbox 1057 1633 1147 1662; x_wconf 86' lang='grc'><strong>1524.</strong></span> <span class='ocrx_word' id='word_1_371' title='bbox 1172 1638 1305 1662; x_wconf 87' lang='lat' dir='ltr'>vocatum</span> <span class='ocrx_word' id='word_1_372' title='bbox 1330 1642 1393 1662; x_wconf 86' lang='lat' dir='ltr'>esse</span> <span class='ocrx_word' id='word_1_373' title='bbox 1416 1632 1644 1669; x_wconf 85' lang='lat' dir='ltr'>Norinbergam.</span> <span class='ocrx_word' id='word_1_374' title='bbox 1681 1632 1768 1660; x_wconf 88' lang='lat' dir='ltr'>Anno</span> <span class='ocrx_word' id='word_1_375' title='bbox 1790 1632 1880 1660; x_wconf 84' lang='grc'><strong>1525.</strong></span> <span class='ocrx_word' id='word_1_376' title='bbox 1904 1637 2016 1660; x_wconf 89' lang='lat' dir='ltr'>tantum</span> <span class='ocrx_word' id='word_1_377' title='bbox 2040 1642 2075 1662; x_wconf 87' lang='lat' dir='ltr'>eo</span> <span class='ocrx_word' id='word_1_378' title='bbox 2098 1643 2167 1662; x_wconf 91' lang='lat' dir='ltr'>con-</span> 
     </span>
     <span class='ocr_line' id='line_1_36' title="bbox 390 1676 1252 1713; baseline 0.001 -9"><span class='ocrx_word' id='word_1_379' title='bbox 390 1677 456 1705; x_wconf 88' lang='lat' dir='ltr'>silio</span> <span class='ocrx_word' id='word_1_380' title='bbox 480 1682 599 1704; x_wconf 80' lang='lat' dir='ltr'>vocatus</span> <span class='ocrx_word' id='word_1_381' title='bbox 621 1676 676 1704; x_wconf 85' lang='lat' dir='ltr'>fuit</span> <span class='ocrx_word' id='word_1_382' title='bbox 698 1680 725 1704; x_wconf 88' lang='lat' dir='ltr'>et</span> <span class='ocrx_word' id='word_1_383' title='bbox 747 1677 834 1711; x_wconf 88' lang='lat' dir='ltr'>venit,</span> <span class='ocrx_word' id='word_1_384' title='bbox 858 1680 889 1704; x_wconf 90' lang='lat' dir='ltr'>ut</span> <span class='ocrx_word' id='word_1_385' title='bbox 911 1676 1040 1704; x_wconf 89' lang='lat' dir='ltr'>scholam</span> <span class='ocrx_word' id='word_1_386' title='bbox 1063 1676 1252 1713; x_wconf 86' lang='lat' dir='ltr'>institueret.)</span> 
     </span>
    </p>

    <p class='ocr_par' dir='ltr' id='par_1_9' title="bbox 167 1717 2167 1799">
     <span class='ocr_line' id='line_1_37' title="bbox 167 1717 2167 1757; baseline 0 -10"><span class='ocrx_word' id='word_1_387' title='bbox 167 1718 239 1748; x_wconf 88' lang='lat' dir='ltr'>Dec.</span> <span class='ocrx_word' id='word_1_388' title='bbox 303 1719 330 1747; x_wconf 91' lang='lat'>3.</span> <span class='ocrx_word' id='word_1_389' title='bbox 355 1718 529 1757; x_wconf 85' lang='lat' dir='ltr'>Quanquam</span> <span class='ocrx_word' id='word_1_390' title='bbox 553 1719 619 1747; x_wconf 86' lang='lat' dir='ltr'>Mel.</span> <span class='ocrx_word' id='word_1_391' title='bbox 643 1728 695 1747; x_wconf 84' lang='lat' dir='ltr'>sua</span> <span class='ocrx_word' id='word_1_392' title='bbox 718 1719 884 1747; x_wconf 89' lang='lat' dir='ltr'>conditione</span> <span class='ocrx_word' id='word_1_393' title='bbox 907 1719 1082 1757; x_wconf 86' lang='lat' dir='ltr'>Vitebergae</span> <span class='ocrx_word' id='word_1_394' title='bbox 1104 1719 1222 1747; x_wconf 89' lang='lat' dir='ltr'>minime</span> <span class='ocrx_word' id='word_1_395' title='bbox 1244 1718 1421 1753; x_wconf 86' lang='lat' dir='ltr'>laetabatur,</span> <span class='ocrx_word' id='word_1_396' title='bbox 1450 1721 1547 1745; x_wconf 82' lang='lat' dir='ltr'>tamen</span> <span class='ocrx_word' id='word_1_397' title='bbox 1570 1717 1803 1755; x_wconf 84' lang='lat' dir='ltr'>Baumgartnero</span> <span class='ocrx_word' id='word_1_398' title='bbox 1827 1717 1969 1754; x_wconf 84' lang='lat' dir='ltr'>declarat,</span> <span class='ocrx_word' id='word_1_399' title='bbox 2002 1726 2033 1746; x_wconf 88' lang='lat' dir='ltr'>se</span> <span class='ocrx_word' id='word_1_400' title='bbox 2056 1717 2167 1747; x_wconf 91' lang='lat' dir='ltr'>Norin-</span> 
     </span>
     <span class='ocr_line' id='line_1_38' title="bbox 390 1762 895 1799; baseline -0.002 -9"><span class='ocrx_word' id='word_1_401' title='bbox 390 1763 507 1799; x_wconf 85' lang='lat' dir='ltr'>bergam</span> <span class='ocrx_word' id='word_1_402' title='bbox 529 1772 588 1789; x_wconf 87' lang='lat' dir='ltr'>non</span> <span class='ocrx_word' id='word_1_403' title='bbox 611 1771 675 1790; x_wconf 85' lang='lat' dir='ltr'>esse</span> <span class='ocrx_word' id='word_1_404' title='bbox 698 1762 895 1798; x_wconf 87' lang='lat' dir='ltr'>migraturum.</span> 
     </span>
    </p>

    <p class='ocr_par' dir='ltr' id='par_1_10' title="bbox 284 1803 2186 2011">
     <span class='ocr_line' id='line_1_39' title="bbox 284 1803 2186 1842; baseline -0.001 -10"><span class='ocrx_word' id='word_1_405' title='bbox 284 1804 332 1833; x_wconf 90' lang='lat'>26.</span> <span class='ocrx_word' id='word_1_406' title='bbox 355 1803 505 1841; x_wconf 87' lang='lat' dir='ltr'>Spalatino</span> <span class='ocrx_word' id='word_1_407' title='bbox 527 1815 589 1832; x_wconf 85' lang='lat' dir='ltr'>rem</span> <span class='ocrx_word' id='word_1_408' title='bbox 611 1813 691 1832; x_wconf 86' lang='lat' dir='ltr'>suam</span> <span class='ocrx_word' id='word_1_409' title='bbox 715 1805 885 1832; x_wconf 88' lang='lat' dir='ltr'>familiarem</span> <span class='ocrx_word' id='word_1_410' title='bbox 907 1805 1036 1842; x_wconf 86' lang='lat' dir='ltr'>exponit,</span> <span class='ocrx_word' id='word_1_411' title='bbox 1061 1810 1089 1832; x_wconf 87' lang='lat' dir='ltr'>et</span> <span class='ocrx_word' id='word_1_412' title='bbox 1111 1805 1146 1832; x_wconf 85' lang='lat' dir='ltr'>de</span> <span class='ocrx_word' id='word_1_413' title='bbox 1169 1804 1296 1841; x_wconf 88' lang='lat' dir='ltr'>inopiae,</span> <span class='ocrx_word' id='word_1_414' title='bbox 1319 1813 1376 1840; x_wconf 87' lang='lat' dir='ltr'>qua</span> <span class='ocrx_word' id='word_1_415' title='bbox 1398 1803 1520 1838; x_wconf 86' lang='lat' dir='ltr'>laboret,</span> <span class='ocrx_word' id='word_1_416' title='bbox 1543 1803 1621 1830; x_wconf 89' lang='lat' dir='ltr'>fama</span> <span class='ocrx_word' id='word_1_417' title='bbox 1643 1803 1750 1832; x_wconf 90' lang='lat' dir='ltr'>scribit.</span> <span class='ocrx_word' id='word_1_418' title='bbox 2175 1834 2186 1835; x_wconf 24' lang='grc' dir='ltr'><strong><em>ἶ</em></strong></span> 
     </span>
     <span class='ocr_line' id='line_1_40' title="bbox 355 1846 2165 1885; baseline 0 -10"><span class='ocrx_word' id='word_1_419' title='bbox 355 1846 422 1875; x_wconf 88' lang='lat' dir='ltr'>Hoc</span> <span class='ocrx_word' id='word_1_420' title='bbox 440 1857 532 1875; x_wconf 89' lang='lat' dir='ltr'>anno:</span> <span class='ocrx_word' id='word_1_421' title='bbox 559 1846 767 1874; x_wconf 82' lang='lat' dir='ltr'>Demosthenis</span> <span class='ocrx_word' id='word_1_422' title='bbox 790 1846 995 1885; x_wconf 80' lang='lat' dir='ltr'>Olynthiacam</span> <span class='ocrx_word' id='word_1_423' title='bbox 1018 1849 1140 1885; x_wconf 86' lang='lat' dir='ltr'>primam</span> <span class='ocrx_word' id='word_1_424' title='bbox 1163 1847 1251 1874; x_wconf 83' lang='lat' dir='ltr'>latine</span> <span class='ocrx_word' id='word_1_425' title='bbox 1274 1847 1373 1879; x_wconf 81' lang='lat' dir='ltr'>vertit3</span> <span class='ocrx_word' id='word_1_426' title='bbox 1395 1846 1494 1874; x_wconf 82' lang='lat' dir='ltr'>scribit</span> <span class='ocrx_word' id='word_1_427' title='bbox 1518 1846 1662 1882; x_wconf 84' lang='lat' dir='ltr'>epitomen</span> <span class='ocrx_word' id='word_1_428' title='bbox 1686 1850 1842 1874; x_wconf 85' lang='lat' dir='ltr'>renovatae</span> <span class='ocrx_word' id='word_1_429' title='bbox 1865 1846 2014 1874; x_wconf 84' lang='lat' dir='ltr'>doctrinae</span> <span class='ocrx_word' id='word_1_430' title='bbox 2037 1847 2072 1874; x_wconf 89' lang='lat' dir='ltr'>ad</span> <span class='ocrx_word' id='word_1_431' title='bbox 2095 1846 2165 1875; x_wconf 90' lang='lat' dir='ltr'>Phi-</span> 
     </span>
     <span class='ocr_line' id='line_1_41' title="bbox 392 1887 2163 1927; baseline 0.001 -10"><span class='ocrx_word' id='word_1_432' title='bbox 392 1890 504 1927; x_wconf 88' lang='lat' dir='ltr'>lippum</span> <span class='ocrx_word' id='word_1_433' title='bbox 533 1889 661 1926; x_wconf 83' lang='lat' dir='ltr'>Landgr.</span> <span class='ocrx_word' id='word_1_434' title='bbox 689 1888 831 1923; x_wconf 77' lang='lat' dir='ltr'>Hassiae;</span> <span class='ocrx_word' id='word_1_435' title='bbox 865 1890 956 1918; x_wconf 87' lang='lat' dir='ltr'>edidit</span> <span class='ocrx_word' id='word_1_436' title='bbox 979 1888 1226 1918; x_wconf 89' lang='lat' dir='ltr'>Commentarium</span> <span class='ocrx_word' id='word_1_437' title='bbox 1258 1890 1288 1916; x_wconf 90' lang='lat' dir='ltr'>in</span> <span class='ocrx_word' id='word_1_438' title='bbox 1317 1889 1411 1926; x_wconf 89' lang='lat' dir='ltr'>Epist.</span> <span class='ocrx_word' id='word_1_439' title='bbox 1439 1889 1476 1916; x_wconf 92' lang='lat' dir='ltr'>ad</span> <span class='ocrx_word' id='word_1_440' title='bbox 1506 1887 1713 1922; x_wconf 80' lang='lat' dir='ltr'>Colossense83</span> <span class='ocrx_word' id='word_1_441' title='bbox 1748 1889 1927 1917; x_wconf 85' lang='lat' dir='ltr'>enchiridion</span> <span class='ocrx_word' id='word_1_442' title='bbox 1956 1889 2163 1918; x_wconf 86' lang='lat' dir='ltr'>elementorum</span> 
     </span>
     <span class='ocr_line' id='line_1_42' title="bbox 391 1929 2164 1970; baseline 0.001 -10"><span class='ocrx_word' id='word_1_443' title='bbox 391 1933 562 1970; x_wconf 87' lang='lat' dir='ltr'>pueriliu1n;</span> <span class='ocrx_word' id='word_1_444' title='bbox 584 1932 696 1960; x_wconf 86' lang='lat' dir='ltr'>scholia</span> <span class='ocrx_word' id='word_1_445' title='bbox 717 1932 748 1960; x_wconf 89' lang='lat' dir='ltr'>in</span> <span class='ocrx_word' id='word_1_446' title='bbox 772 1932 952 1968; x_wconf 85' lang='lat' dir='ltr'>Decalogum</span> <span class='ocrx_word' id='word_1_447' title='bbox 976 1934 1024 1969; x_wconf 88' lang='lat' dir='ltr'>qui</span> <span class='ocrx_word' id='word_1_448' title='bbox 1048 1933 1170 1960; x_wconf 87' lang='lat' dir='ltr'>habetur</span> <span class='ocrx_word' id='word_1_449' title='bbox 1192 1932 1288 1960; x_wconf 83' lang='lat' dir='ltr'>Exod.</span> <span class='ocrx_word' id='word_1_450' title='bbox 1308 1931 1388 1965; x_wconf 89' lang='lat' dir='ltr'>XX.,</span> <span class='ocrx_word' id='word_1_451' title='bbox 1413 1935 1439 1958; x_wconf 87' lang='lat' dir='ltr'>et</span> <span class='ocrx_word' id='word_1_452' title='bbox 1463 1931 1610 1968; x_wconf 86' lang='lat' dir='ltr'>praefatur</span> <span class='ocrx_word' id='word_1_453' title='bbox 1637 1931 1667 1959; x_wconf 93' lang='lat' dir='ltr'>in</span> <span class='ocrx_word' id='word_1_454' title='bbox 1691 1929 1841 1960; x_wconf 87' lang='lat' dir='ltr'>Ciceronis</span> <span class='ocrx_word' id='word_1_455' title='bbox 1863 1932 1987 1969; x_wconf 87' lang='lat' dir='ltr'>Topica,</span> <span class='ocrx_word' id='word_1_456' title='bbox 2010 1932 2040 1960; x_wconf 90' lang='lat' dir='ltr'>in</span> <span class='ocrx_word' id='word_1_457' title='bbox 2063 1941 2164 1961; x_wconf 90' lang='lat' dir='ltr'>mono-</span> 
     </span>
     <span class='ocr_line' id='line_1_43' title="bbox 385 1972 1628 2011; baseline -0.002 -7"><span class='ocrx_word' id='word_1_458' title='bbox 385 1981 528 2011; x_wconf 86' lang='lat' dir='ltr'>tessaron,</span> <span class='ocrx_word' id='word_1_459' title='bbox 552 1975 581 2003; x_wconf 88' lang='lat' dir='ltr'>in</span> <span class='ocrx_word' id='word_1_460' title='bbox 601 1975 722 2003; x_wconf 82' lang='lat' dir='ltr'>Asconii</span> <span class='ocrx_word' id='word_1_461' title='bbox 746 1974 868 2003; x_wconf 87' lang='lat' dir='ltr'>Pediani</span> <span class='ocrx_word' id='word_1_462' title='bbox 892 1980 1079 2003; x_wconf 85' lang='lat' dir='ltr'>commentar.</span> <span class='ocrx_word' id='word_1_463' title='bbox 1103 1976 1132 2003; x_wconf 90' lang='lat' dir='ltr'>in</span> <span class='ocrx_word' id='word_1_464' title='bbox 1156 1974 1266 2011; x_wconf 51' lang='lat' dir='ltr'>aliquot¹</span> <span class='ocrx_word' id='word_1_465' title='bbox 1287 1973 1439 2003; x_wconf 88' lang='lat' dir='ltr'>Ciceronis</span> <span class='ocrx_word' id='word_1_466' title='bbox 1463 1972 1628 2002; x_wconf 86' lang='lat' dir='ltr'>Orationes.</span> 
     </span>
    </p>
   </div>
   <div class='ocr_carea' id='block_1_3' title="bbox 999 2100 1319 2132">
    <p class='ocr_par' dir='ltr' id='par_1_11' title="bbox 999 2100 1319 2132">
     <span class='ocr_line' id='line_1_44' title="bbox 999 2100 1319 2132; baseline 0 -1"><span class='ocrx_word' id='word_1_467' title='bbox 999 2100 1156 2131; x_wconf 92' lang='lat' dir='ltr'><strong>ANNO</strong></span> <span class='ocrx_word' id='word_1_468' title='bbox 1196 2100 1319 2132; x_wconf 75' lang='lat'>1525.</span> 
     </span>
    </p>
   </div>
   <div class='ocr_carea' id='block_1_4' title="bbox 158 2186 2164 2610">
    <p class='ocr_par' dir='ltr' id='par_1_12' title="bbox 158 2186 2161 2225">
     <span class='ocr_line' id='line_1_45' title="bbox 158 2186 2161 2225; baseline -0.001 -7"><span class='ocrx_word' id='word_1_469' title='bbox 158 2189 219 2218; x_wconf 87' lang='lat' dir='ltr'>Ian.</span> <span class='ocrx_word' id='word_1_470' title='bbox 296 2190 322 2218; x_wconf 87' lang='lat'>1.</span> <span class='ocrx_word' id='word_1_471' title='bbox 345 2187 482 2223; x_wconf 85' lang='lat' dir='ltr'>Queritur</span> <span class='ocrx_word' id='word_1_472' title='bbox 504 2188 540 2216; x_wconf 85' lang='lat' dir='ltr'>de</span> <span class='ocrx_word' id='word_1_473' title='bbox 562 2197 615 2215; x_wconf 84' lang='lat' dir='ltr'>sua</span> <span class='ocrx_word' id='word_1_474' title='bbox 637 2187 813 2215; x_wconf 86' lang='lat' dir='ltr'>valetudine.</span> <span class='ocrx_word' id='word_1_475' title='bbox 838 2204 877 2208; x_wconf 83' lang='lat'>-—</span> <span class='ocrx_word' id='word_1_476' title='bbox 900 2187 1186 2225; x_wconf 83' lang='lat' dir='ltr'>Norinbergensibus</span> <span class='ocrx_word' id='word_1_477' title='bbox 1208 2197 1289 2215; x_wconf 84' lang='lat' dir='ltr'>suam</span> <span class='ocrx_word' id='word_1_478' title='bbox 1311 2187 1412 2216; x_wconf 84' lang='lat' dir='ltr'>scribit</span> <span class='ocrx_word' id='word_1_479' title='bbox 1434 2187 1610 2215; x_wconf 83' lang='lat' dir='ltr'>sententiam</span> <span class='ocrx_word' id='word_1_480' title='bbox 1631 2186 1667 2214; x_wconf 89' lang='lat' dir='ltr'>de</span> <span class='ocrx_word' id='word_1_481' title='bbox 1689 2186 1831 2214; x_wconf 89' lang='lat' dir='ltr'>reditibus</span> <span class='ocrx_word' id='word_1_482' title='bbox 1854 2186 2059 2216; x_wconf 83' lang='lat' dir='ltr'>ecclesiasticis</span> <span class='ocrx_word' id='word_1_483' title='bbox 2087 2187 2161 2216; x_wconf 88' lang='lat' dir='ltr'>bene</span> 
     </span>
    </p>

    <p class='ocr_par' dir='ltr' id='par_1_13' title="bbox 275 2229 1319 2310">
     <span class='ocr_line' id='line_1_46' title="bbox 381 2229 1319 2259; baseline 0 -1"><span class='ocrx_word' id='word_1_484' title='bbox 381 2231 559 2259; x_wconf 84' lang='lat' dir='ltr'>collocandis</span> <span class='ocrx_word' id='word_1_485' title='bbox 582 2234 610 2258; x_wconf 88' lang='lat' dir='ltr'>et</span> <span class='ocrx_word' id='word_1_486' title='bbox 632 2231 667 2258; x_wconf 91' lang='lat' dir='ltr'>de</span> <span class='ocrx_word' id='word_1_487' title='bbox 689 2231 796 2258; x_wconf 85' lang='lat' dir='ltr'>rituum</span> <span class='ocrx_word' id='word_1_488' title='bbox 819 2229 1081 2259; x_wconf 85' lang='lat' dir='ltr'>ecclesiasticorum</span> <span class='ocrx_word' id='word_1_489' title='bbox 1104 2231 1319 2259; x_wconf 86' lang='lat' dir='ltr'>mutationibus.</span> 
     </span>
     <span class='ocr_line' id='line_1_47' title="bbox 275 2271 1207 2310; baseline -0.002 -8"><span class='ocrx_word' id='word_1_490' title='bbox 275 2274 325 2305; x_wconf 77' lang='grc'>22,</span> <span class='ocrx_word' id='word_1_491' title='bbox 348 2271 515 2302; x_wconf 87' lang='lat' dir='ltr'>Camerario</span> <span class='ocrx_word' id='word_1_492' title='bbox 539 2273 626 2301; x_wconf 86' lang='lat' dir='ltr'>mittit</span> <span class='ocrx_word' id='word_1_493' title='bbox 644 2273 796 2310; x_wconf 86' lang='lat' dir='ltr'>prologum</span> <span class='ocrx_word' id='word_1_494' title='bbox 820 2273 849 2299; x_wconf 93' lang='lat' dir='ltr'>in</span> <span class='ocrx_word' id='word_1_495' title='bbox 872 2272 1003 2300; x_wconf 86' lang='lat' dir='ltr'>Terentii</span> <span class='ocrx_word' id='word_1_496' title='bbox 1025 2273 1207 2302; x_wconf 86' lang='lat' dir='ltr'>Eunuchum.</span> 
     </span>
    </p>

    <p class='ocr_par' dir='ltr' id='par_1_14' title="bbox 158 2313 2164 2610">
     <span class='ocr_line' id='line_1_48' title="bbox 158 2313 2160 2354; baseline 0 -10"><span class='ocrx_word' id='word_1_497' title='bbox 158 2316 241 2346; x_wconf 89' lang='lat' dir='ltr'>Febr.</span> <span class='ocrx_word' id='word_1_498' title='bbox 273 2316 322 2346; x_wconf 88' lang='lat'>20.</span> <span class='ocrx_word' id='word_1_499' title='bbox 348 2316 488 2344; x_wconf 87' lang='lat' dir='ltr'>Nascitur</span> <span class='ocrx_word' id='word_1_500' title='bbox 500 2316 679 2344; x_wconf 85' lang='lat' dir='ltr'>Melanthoni</span> <span class='ocrx_word' id='word_1_501' title='bbox 703 2316 789 2351; x_wconf 88' lang='lat' dir='ltr'>filius,</span> <span class='ocrx_word' id='word_1_502' title='bbox 811 2315 1021 2352; x_wconf 84' lang='lat' dir='ltr'>Philippus,</span> <span class='ocrx_word' id='word_1_503' title='bbox 1041 2326 1098 2344; x_wconf 92' lang='lat' dir='ltr'>non</span> <span class='ocrx_word' id='word_1_504' title='bbox 1122 2317 1184 2344; x_wconf 83' lang='lat' dir='ltr'>sinc</span> <span class='ocrx_word' id='word_1_505' title='bbox 1203 2315 1331 2354; x_wconf 88' lang='lat' dir='ltr'>periculo</span> <span class='ocrx_word' id='word_1_506' title='bbox 1350 2316 1459 2344; x_wconf 88' lang='lat' dir='ltr'>matris.</span> <span class='ocrx_word' id='word_1_507' title='bbox 1474 2313 1572 2342; x_wconf 86' lang='lat' dir='ltr'>—De</span> <span class='ocrx_word' id='word_1_508' title='bbox 1591 2314 1638 2342; x_wconf 85' lang='lat' dir='ltr'>die</span> <span class='ocrx_word' id='word_1_509' title='bbox 1654 2323 1711 2350; x_wconf 92' lang='lat' dir='ltr'>quo</span> <span class='ocrx_word' id='word_1_510' title='bbox 1727 2319 1812 2342; x_wconf 85' lang='lat' dir='ltr'>natus</span> <span class='ocrx_word' id='word_1_511' title='bbox 1834 2315 1872 2342; x_wconf 81' lang='lat' dir='ltr'>sit</span> <span class='ocrx_word' id='word_1_512' title='bbox 1887 2314 1934 2342; x_wconf 90' lang='grc'><strong>1110</strong></span> <span class='ocrx_word' id='word_1_513' title='bbox 1952 2315 2029 2343; x_wconf 88' lang='lat' dir='ltr'>filius</span> <span class='ocrx_word' id='word_1_514' title='bbox 2047 2320 2160 2344; x_wconf 88' lang='lat' dir='ltr'>contra-</span> 
     </span>
     <span class='ocr_line' id='line_1_49' title="bbox 381 2356 2159 2396; baseline 0 -9"><span class='ocrx_word' id='word_1_515' title='bbox 381 2359 481 2387; x_wconf 85' lang='lat' dir='ltr'>dicunt</span> <span class='ocrx_word' id='word_1_516' title='bbox 503 2359 558 2387; x_wconf 90' lang='lat' dir='ltr'>sibi</span> <span class='ocrx_word' id='word_1_517' title='bbox 582 2358 723 2396; x_wconf 88' lang='lat' dir='ltr'>epistolae</span> <span class='ocrx_word' id='word_1_518' title='bbox 746 2358 868 2387; x_wconf 91' lang='lat' dir='ltr'>Lutheri</span> <span class='ocrx_word' id='word_1_519' title='bbox 888 2362 914 2385; x_wconf 86' lang='lat' dir='ltr'>et</span> <span class='ocrx_word' id='word_1_520' title='bbox 937 2358 1141 2387; x_wconf 85' lang='lat' dir='ltr'>Melanthonis.</span> <span class='ocrx_word' id='word_1_521' title='bbox 1163 2377 1202 2380; x_wconf 83' lang='lat'>——</span> <span class='ocrx_word' id='word_1_522' title='bbox 1222 2358 1367 2386; x_wconf 85' lang='lat' dir='ltr'>Lutherus</span> <span class='ocrx_word' id='word_1_523' title='bbox 1390 2359 1420 2386; x_wconf 90' lang='lat' dir='ltr'>in</span> <span class='ocrx_word' id='word_1_524' title='bbox 1443 2358 1527 2395; x_wconf 89' lang='lat' dir='ltr'>epist.</span> <span class='ocrx_word' id='word_1_525' title='bbox 1547 2358 1584 2385; x_wconf 87' lang='lat' dir='ltr'>ad</span> <span class='ocrx_word' id='word_1_526' title='bbox 1603 2356 1788 2393; x_wconf 85' lang='lat' dir='ltr'>10.Langum</span> <span class='ocrx_word' id='word_1_527' title='bbox 1812 2357 1904 2394; x_wconf 89' lang='lat' dir='ltr'>(apud</span> <span class='ocrx_word' id='word_1_528' title='bbox 1923 2358 1958 2385; x_wconf 89' lang='lat' dir='ltr'>de</span> <span class='ocrx_word' id='word_1_529' title='bbox 1968 2358 2055 2385; x_wconf 79' lang='lat' dir='ltr'>Wett.</span> <span class='ocrx_word' id='word_1_530' title='bbox 2073 2358 2108 2386; x_wconf 92' lang='lat' dir='ltr'>T.</span> <span class='ocrx_word' id='word_1_531' title='bbox 2121 2358 2159 2387; x_wconf 88' lang='grc' dir='ltr'><strong>ΙΙ.</strong></span> 
     </span>
     <span class='ocr_line' id='line_1_50' title="bbox 381 2399 2164 2440; baseline 0 -10"><span class='ocrx_word' id='word_1_532' title='bbox 381 2412 409 2440; x_wconf 92' lang='lat' dir='ltr'>p.</span> <span class='ocrx_word' id='word_1_533' title='bbox 432 2402 533 2438; x_wconf 57' lang='lat'>628),</span> <span class='ocrx_word' id='word_1_534' title='bbox 567 2402 635 2430; x_wconf 80' lang='lat' dir='ltr'>data</span> <span class='ocrx_word' id='word_1_535' title='bbox 660 2401 770 2438; x_wconf 73' lang='lat' dir='ltr'>„feria</span> <span class='ocrx_word' id='word_1_536' title='bbox 788 2402 862 2439; x_wconf 73' lang='lat' dir='ltr'>post</span> <span class='ocrx_word' id='word_1_537' title='bbox 884 2399 1146 2438; x_wconf 68' lang='lat' dir='ltr'>Seoeayesz·712am“</span> <span class='ocrx_word' id='word_1_538' title='bbox 1172 2402 1204 2439; x_wconf 93' lang='lat' dir='ltr'>(i.</span> <span class='ocrx_word' id='word_1_539' title='bbox 1229 2412 1252 2430; x_wconf 91' lang='lat' dir='ltr'>e.</span> <span class='ocrx_word' id='word_1_540' title='bbox 1276 2402 1304 2429; x_wconf 85' lang='lat' dir='ltr'>d.</span> <span class='ocrx_word' id='word_1_541' title='bbox 1330 2401 1377 2428; x_wconf 88' lang='lat'>20.</span> <span class='ocrx_word' id='word_1_542' title='bbox 1402 2401 1501 2436; x_wconf 87' lang='lat' dir='ltr'>Febr.)</span> <span class='ocrx_word' id='word_1_543' title='bbox 1526 2400 1641 2428; x_wconf 80' lang='lat' dir='ltr'>scribitz</span> <span class='ocrx_word' id='word_1_544' title='bbox 1688 2399 1845 2437; x_wconf 83' lang='lat' dir='ltr'>„Philippo</span> <span class='ocrx_word' id='word_1_545' title='bbox 1868 2400 1951 2428; x_wconf 87' lang='lat' dir='ltr'>heri</span> <span class='ocrx_word' id='word_1_546' title='bbox 1975 2401 2056 2428; x_wconf 87' lang='lat' dir='ltr'>dedit</span> <span class='ocrx_word' id='word_1_547' title='bbox 2077 2401 2164 2430; x_wconf 81' lang='lat' dir='ltr'>Deus</span> 
     </span>
     <span class='ocr_line' id='line_1_51' title="bbox 382 2441 2160 2481; baseline 0.001 -9"><span class='ocrx_word' id='word_1_548' title='bbox 382 2444 610 2481; x_wconf 85' lang='lat' dir='ltr'>Philippulum.“</span> <span class='ocrx_word' id='word_1_549' title='bbox 656 2444 749 2472; x_wconf 85' lang='lat' dir='ltr'>Filius</span> <span class='ocrx_word' id='word_1_550' title='bbox 778 2445 867 2481; x_wconf 85' lang='lat' dir='ltr'>igitur</span> <span class='ocrx_word' id='word_1_551' title='bbox 897 2449 982 2472; x_wconf 84' lang='lat' dir='ltr'>natus</span> <span class='ocrx_word' id='word_1_552' title='bbox 1012 2450 1087 2472; x_wconf 82' lang='lat' dir='ltr'>esset</span> <span class='ocrx_word' id='word_1_553' title='bbox 1106 2445 1133 2474; x_wconf 87' lang='lat' dir='ltr'>d.</span> <span class='ocrx_word' id='word_1_554' title='bbox 1160 2446 1205 2474; x_wconf 84' lang='grc'>19.</span> <span class='ocrx_word' id='word_1_555' title='bbox 1228 2444 1388 2472; x_wconf 77' lang='lat' dir='ltr'>Februarii.</span> <span class='ocrx_word' id='word_1_556' title='bbox 1433 2446 1473 2472; x_wconf 84' lang='lat' dir='ltr'>At</span> <span class='ocrx_word' id='word_1_557' title='bbox 1501 2443 1669 2471; x_wconf 89' lang='lat' dir='ltr'>Melanthon</span> <span class='ocrx_word' id='word_1_558' title='bbox 1698 2443 1727 2470; x_wconf 92' lang='lat' dir='ltr'>in</span> <span class='ocrx_word' id='word_1_559' title='bbox 1759 2452 1803 2480; x_wconf 87' lang='lat' dir='ltr'>ep.</span> <span class='ocrx_word' id='word_1_560' title='bbox 1834 2444 1871 2471; x_wconf 92' lang='lat' dir='ltr'>ad</span> <span class='ocrx_word' id='word_1_561' title='bbox 1894 2441 2094 2472; x_wconf 80' lang='lat' dir='ltr'>camerarium</span> <span class='ocrx_word' id='word_1_562' title='bbox 2122 2445 2160 2473; x_wconf 86' lang='lat' dir='ltr'>de</span> 
     </span>
     <span class='ocr_line' id='line_1_52' title="bbox 383 2484 2158 2524; baseline 0 -9"><span class='ocrx_word' id='word_1_563' title='bbox 383 2487 410 2515; x_wconf 84' lang='lat'>6.</span> <span class='ocrx_word' id='word_1_564' title='bbox 436 2488 519 2515; x_wconf 89' lang='lat' dir='ltr'>Mart.</span> <span class='ocrx_word' id='word_1_565' title='bbox 543 2488 615 2515; x_wconf 89' lang='lat' dir='ltr'>haec</span> <span class='ocrx_word' id='word_1_566' title='bbox 638 2487 738 2515; x_wconf 85' lang='lat' dir='ltr'>habet:</span> <span class='ocrx_word' id='word_1_567' title='bbox 784 2488 881 2523; x_wconf 85' lang='lat' dir='ltr'>„Ante</span> <span class='ocrx_word' id='word_1_568' title='bbox 903 2487 989 2514; x_wconf 85' lang='lat' dir='ltr'>ferias</span> <span class='ocrx_word' id='word_1_569' title='bbox 1012 2486 1209 2515; x_wconf 88' lang='lat' dir='ltr'>Saturnalium</span> <span class='ocrx_word' id='word_1_570' title='bbox 1232 2487 1328 2524; x_wconf 85' lang='lat' dir='ltr'>vulgi,</span> <span class='ocrx_word' id='word_1_571' title='bbox 1356 2487 1386 2515; x_wconf 91' lang='lat' dir='ltr'>Is</span> <span class='ocrx_word' id='word_1_572' title='bbox 1409 2487 1470 2515; x_wconf 90' lang='lat' dir='ltr'>dies</span> <span class='ocrx_word' id='word_1_573' title='bbox 1489 2486 1655 2523; x_wconf 83' lang='lat' dir='ltr'>nuptiarum</span> <span class='ocrx_word' id='word_1_574' title='bbox 1679 2484 1839 2513; x_wconf 82' lang='lat' dir='ltr'>Camiciani</span> <span class='ocrx_word' id='word_1_575' title='bbox 1862 2486 1933 2520; x_wconf 88' lang='lat' dir='ltr'>fuit,</span> <span class='ocrx_word' id='word_1_576' title='bbox 1962 2485 2031 2514; x_wconf 87' lang='lat' dir='ltr'>Die</span> <span class='ocrx_word' id='word_1_577' title='bbox 2054 2486 2158 2515; x_wconf 82' lang='lat' dir='ltr'>Hila-</span> 
     </span>
     <span class='ocr_line' id='line_1_53' title="bbox 381 2528 2157 2558; baseline 0 -1"><span class='ocrx_word' id='word_1_578' title='bbox 381 2530 427 2557; x_wconf 89' lang='lat' dir='ltr'>rii</span> <span class='ocrx_word' id='word_1_579' title='bbox 448 2530 556 2558; x_wconf 87' lang='lat' dir='ltr'>filiolus</span> <span class='ocrx_word' id='word_1_580' title='bbox 579 2530 649 2558; x_wconf 90' lang='lat' dir='ltr'>mihi</span> <span class='ocrx_word' id='word_1_581' title='bbox 672 2535 756 2558; x_wconf 87' lang='lat' dir='ltr'>natus</span> <span class='ocrx_word' id='word_1_582' title='bbox 780 2532 851 2558; x_wconf 84' lang='lat' dir='ltr'>est.“</span> <span class='ocrx_word' id='word_1_583' title='bbox 885 2547 926 2551; x_wconf 96' lang='lat'><strong>—</strong></span> <span class='ocrx_word' id='word_1_584' title='bbox 960 2529 1032 2558; x_wconf 84' lang='lat' dir='ltr'>Dies</span> <span class='ocrx_word' id='word_1_585' title='bbox 1055 2530 1162 2558; x_wconf 84' lang='lat' dir='ltr'>Hilarii</span> <span class='ocrx_word' id='word_1_586' title='bbox 1190 2535 1284 2557; x_wconf 85' lang='lat' dir='ltr'>autem</span> <span class='ocrx_word' id='word_1_587' title='bbox 1313 2534 1356 2558; x_wconf 85' lang='lat' dir='ltr'>est</span> <span class='ocrx_word' id='word_1_588' title='bbox 1377 2529 1403 2558; x_wconf 84' lang='lat' dir='ltr'>d.</span> <span class='ocrx_word' id='word_1_589' title='bbox 1430 2530 1476 2558; x_wconf 86' lang='lat'>13.</span> <span class='ocrx_word' id='word_1_590' title='bbox 1500 2528 1637 2557; x_wconf 87' lang='lat' dir='ltr'>Ianuarii.</span> <span class='ocrx_word' id='word_1_591' title='bbox 1684 2528 1751 2556; x_wconf 90' lang='lat' dir='ltr'>Hoc</span> <span class='ocrx_word' id='word_1_592' title='bbox 1781 2529 1827 2556; x_wconf 87' lang='lat' dir='ltr'>die</span> <span class='ocrx_word' id='word_1_593' title='bbox 1856 2528 1947 2556; x_wconf 89' lang='lat' dir='ltr'>filium</span> <span class='ocrx_word' id='word_1_594' title='bbox 1977 2538 2035 2558; x_wconf 86' lang='lat' dir='ltr'>non</span> <span class='ocrx_word' id='word_1_595' title='bbox 2058 2533 2157 2557; x_wconf 87' lang='lat' dir='ltr'>natum</span> 
     </span>
     <span class='ocr_line' id='line_1_54' title="bbox 381 2571 2157 2610; baseline 0 -10"><span class='ocrx_word' id='word_1_596' title='bbox 381 2572 470 2602; x_wconf 81' lang='lat' dir='ltr'>fuisse</span> <span class='ocrx_word' id='word_1_597' title='bbox 492 2573 559 2600; x_wconf 87' lang='lat' dir='ltr'>inde</span> <span class='ocrx_word' id='word_1_598' title='bbox 581 2572 740 2601; x_wconf 82' lang='lat' dir='ltr'>clarissime</span> <span class='ocrx_word' id='word_1_599' title='bbox 762 2573 877 2610; x_wconf 88' lang='lat' dir='ltr'>probari</span> <span class='ocrx_word' id='word_1_600' title='bbox 909 2576 1019 2610; x_wconf 85' lang='lat' dir='ltr'>potest,</span> <span class='ocrx_word' id='word_1_601' title='bbox 1054 2574 1131 2610; x_wconf 90' lang='lat' dir='ltr'>quod</span> <span class='ocrx_word' id='word_1_602' title='bbox 1154 2573 1321 2601; x_wconf 88' lang='lat' dir='ltr'>Melanthon</span> <span class='ocrx_word' id='word_1_603' title='bbox 1351 2573 1380 2600; x_wconf 92' lang='lat' dir='ltr'>in</span> <span class='ocrx_word' id='word_1_604' title='bbox 1404 2572 1534 2609; x_wconf 87' lang='lat' dir='ltr'>epistolis</span> <span class='ocrx_word' id='word_1_605' title='bbox 1561 2575 1630 2609; x_wconf 86' lang='lat' dir='ltr'>post</span> <span class='ocrx_word' id='word_1_606' title='bbox 1652 2571 1679 2599; x_wconf 83' lang='lat' dir='ltr'>d.</span> <span class='ocrx_word' id='word_1_607' title='bbox 1707 2572 1754 2600; x_wconf 90' lang='lat'>13.</span> <span class='ocrx_word' id='word_1_608' title='bbox 1778 2571 1837 2600; x_wconf 83' lang='lat' dir='ltr'>Ian.</span> <span class='ocrx_word' id='word_1_609' title='bbox 1861 2571 1976 2608; x_wconf 87' lang='lat' dir='ltr'>scriptis</span> <span class='ocrx_word' id='word_1_610' title='bbox 1998 2572 2084 2600; x_wconf 87' lang='lat' dir='ltr'>huius</span> <span class='ocrx_word' id='word_1_611' title='bbox 2113 2572 2157 2600; x_wconf 84' lang='lat' dir='ltr'>rei</span> 
     </span>
    </p>
   </div>
  </div>
 </body>
</html>
