2299 2921
591 917 658 946 Vol.
680 916 704 946 I.

155 979 222 1009 Oda
243 988 351 1017 graeca
372 977 577 1007 Pirkheimero
601 977 691 1006 missa
714 976 764 1006 22.

154 1023 326 1052 Versiculus
347 1022 378 1050 in
398 1020 521 1049 Lntheri
543 1020 758 1049 enarrationem
782 1020 820 1048 ad
842 1017 943 1049 Galat.
970 1019 1039 1050 120.

155 1066 203 1095 Ad
225 1065 346 1093 Hieron.
370 1063 635 1101 Baumgartnerum
660 1064 731 1093 618.

156 1109 205 1138 Ad
227 1108 427 1137 camerarium
452 1108 523 1136 644.

154 1152 346 1189 Epigramma
369 1150 459 1178 Ionae
481 1149 602 1177 missum
628 1148 699 1177 648.

155 1194 252 1222 Breve
275 1203 390 1221 carmen
411 1201 549 1229 graecum
571 1192 642 1220 831.

157 1235 319 1266 Germania
341 1236 379 1264 ad
401 1244 500 1272 regem
523 1234 743 1263 Ferdinandum
768 1233 858 1262 1056.

583 1302 651 1331 Vol.
674 1301 714 1329 Π.

155 1363 202 1393 De
225 1364 350 1392 comitiis
370 1363 552 1400 Augustanis
576 1361 613 1390 ad
636 1361 670 1389 B.
695 1360 959 1398 Baumgartnerum
983 1358 1053 1389 234.

156 1408 204 1436 Ad
227 1405 411 1445 Spalatinnm
436 1406 507 1434 388.

578 1463 644 1493 Vol.
665 1463 719 1491 111.

158 1525 286 1554 Imitatio
311 1526 346 1553 de
369 1524 482 1562 Eclipsi
507 1525 577 1553 374.

156 1568 203 1597 De
226 1568 434 1597 commentario
466 1566 589 1605 epistola
619 1567 656 1594 ad
680 1565 870 1595 colossenses
898 1565 935 1594 ad
957 1565 997 1594 M.
1023 1563 1139 1592 Panno-

199 1612 280 1639 nium
304 1612 375 1640 336.

156 1653 253 1682 Locus
277 1663 313 1682 ex
337 1653 498 1681 Menandro
523 1652 593 1682 587.

157 1697 268 1726 Versus
291 1697 326 1724 de
348 1696 489 1734 pudicitia
510 1705 547 1724 ex
570 1694 732 1732 Bachylide
757 1695 847 1724 1110.

156 1739 203 1768 De
225 1740 363 1777 inquietis
386 1739 512 1777 ingeniis
538 1739 629 1767 1163.

575 1805 642 1834 Vol.
664 1805 718 1834 IV.

157 1868 206 1895 Ad
228 1867 330 1895 Ioann.
352 1864 523 1894 Caesarium
547 1866 583 1893 de
606 1870 751 1893 conventu
775 1865 929 1894 Ratisbon.
953 1865 1023 1894 639.

158 1910 194 1955 In
218 1909 374 1938 Danielem
396 1908 500 1937 Ioann.
524 1907 638 1946 Stigelii
663 1909 734 1937 598.

588 1968 653 1997 Vol.
679 1968 715 1996 V.

159 2024 207 2053 De
230 2024 342 2061 Eelipsi
364 2023 435 2052 ⁵292.

159 2065 326 2095 Gratulatio
350 2067 480 2104 coniugii
505 2066 575 2096 399.

158 2111 207 2138 Ad
229 2108 383 2147 Stigelium
409 2110 480 2138 419.

161 2151 271 2181 Contra
293 2153 421 2180 Turcam
445 2152 517 2181 564.

162 2195 196 2222 In
218 2195 378 2223 Pindarum
405 2195 476 2223 751.

581 2253 647 2281 Vol.
672 2253 723 2282 VL

161 2314 264 2351 Imago
287 2315 392 2342 somnii
419 2315 488 2343 349.

162 2357 209 2385 De
233 2357 395 2395 Margiticis
421 2358 491 2386 467.

574 2416 642 2444 Vol.
663 2415 730 2444 VII.

161 2466 298 2509 Σῶματα
320 2473 374 2508 μὲν
397 2469 452 2500 δύο
476 2472 548 2500 539.

161 2515 210 2543 Ad
235 2513 345 2552 Georg.
370 2514 537 2542 Fabricium
562 2514 635 2543 734.

160 2556 281 2585 Numen
303 2562 334 2585 ut
355 2558 467 2585 aeterni
489 2557 606 2595 sapiens
631 2556 702 2586 956.
729 2556 799 2585 959.
825 2555 896 2586 960.

724 642 1025 711 mx
1063 531 1588 709 dmm.

1594 916 1662 945 voi.
1685 916 1768 947 vm.
1794 899 1799 902 ’

1189 976 1315 1004 Versus:
1339 974 1382 1004 Ut
1403 975 1478 1013 gerit
1500 985 1608 1013 nomen
1631 978 1701 1007 309.

1188 1018 1268 1048 Urbs
1291 1018 1328 1046 ad
1350 1019 1501 1056 Visurgim
1530 1019 1601 1049 316.

1188 1061 1300 1089 Versus
1323 1071 1360 1089 ex
1382 1061 1546 1099 Bachylide
1569 1062 1641 1092 588.

1189 1104 1316 1132 Versus:
1339 1103 1423 1132 Dura
1446 1113 1533 1132 voces
1555 1110 1711 1142 praecepta
1735 1105 1806 1135 635.

1189 1147 1361 1175 Distichon:
1384 1146 1455 1175 Non
1478 1147 1560 1175 Deus
1581 1152 1624 1176 est
1644 1157 1752 1176 numen
1775 1142 1865 1177 672&

1189 1190 1325 1217 Precatio
1347 1190 1383 1217 de
1406 1189 1490 1217 initio
1513 1190 1582 1218 novi
1605 1191 1688 1218 anni:
1718 1190 1788 1228 Ipse
1809 1189 1891 1219 Deus
1913 1190 2029 1228 sapiens
2054 1191 2125 1220 940.

1611 1257 1678 1287 Vol.
1697 1256 1753 1285 IX.

1189 1315 1326 1344 Precatio
1349 1316 1385 1344 de
1414 1316 1498 1344 initio
1532 1317 1601 1346 novi
1623 1318 1708 1346 anni:
1733 1317 1802 1356 Ipse
1820 1316 1903 1346 Dens
1928 1317 1977 1346 19.
2002 1317 2073 1347 721.
2099 1316 2171 1346 788.

1190 1402 1238 1430 Ad
1262 1401 1420 1430 Pistorium
1446 1402 1518 1431 375.

1190 1443 1290 1473 Seldio
1316 1445 1387 1474 376,

1192 1487 1240 1515 Ad
1263 1487 1496 1515 Heresbachium
1521 1487 1592 1517 376.

1190 1530 1239 1557 Ad
1263 1530 1381 1558 Petrum
1404 1529 1573 1558 Lotichium
1599 1531 1669 1559 397.

1190 1573 1302 1600 Versus
1325 1573 1362 1601 ad
1385 1573 1569 1601 Praetorium
1595 1572 1665 1602 566.

1191 1615 1261 1652 Ipse
1284 1624 1338 1652 ego
1363 1616 1501 1653 quiequid
1525 1616 1596 1644 589.
1624 1616 1694 1644 911.

1191 1659 1341 1687 Precatio:
1365 1660 1496 1686 Aeterno
1515 1658 1647 1695 genitore
1667 1658 1738 1687 648.

1616 1725 1683 1754 Vol.
1707 1724 1747 1753 X.

1192 1785 1337 1815 Studiosis
1362 1787 1411 1815 90.

1192 1828 1363 1857 Germanici
1382 1828 1490 1865 rythmi
1513 1828 1613 1855 matris
1632 1827 1762 1864 Philippi
1786 1826 1856 1855 469.

1191 1871 1354 1909 Epieedion
1390 1870 1521 1907 Philippi
1553 1870 1766 1904 Melanthonis,
1798 1868 1952 1897 vernaculo
1983 1866 2175 1897 Sehwarzerd

1236 1914 1425 1942 Bretthamen
1451 1914 1521 1942 469.

1192 1956 1238 1984 De
1260 1957 1384 1985 Erasino
1407 1956 1606 1983 Roterodamo
1630 1955 1700 1984 470.

1193 1999 1319 2028 Carmen
1352 1998 1527 2027 Rithmicale
1557 1998 1690 2035 Magistri
1726 1996 1857 2034 Philippi
1886 1995 2066 2031 Schlauraff,
2097 1996 2176 2034 quod

1235 2041 1404 2079 compilavit
1444 2046 1473 2069 et
1511 2041 1719 2077 comportavit,
1765 2040 1883 2077 quando
1924 2039 1978 2067 fuit
2014 2048 2114 2068 cursor
2145 2039 2176 2067 in

1235 2085 1414 2122 Theologia,
1443 2089 1470 2112 et
1500 2084 1657 2112 ambulavit
1685 2093 1738 2122 per
1767 2087 1860 2111 totam
1882 2082 2068 2110 Alamaniam
2091 2091 2176 2119 supe-

1235 2128 1343 2155 riorem
1362 2128 1432 2155 470.

1194 2169 1230 2197 In
1262 2175 1382 2198 mortem
1412 2169 1524 2197 Bebelii
1554 2168 1663 2197 Poetae
1685 2168 1764 2196 Phil.
1788 2168 1926 2196 Melanth.
1955 2167 2050 2196 adhuc
2078 2166 2176 2195 adole-

1239 2213 1346 2241 scentis
1370 2213 1561 2249 Epigramma
1584 2212 1656 2241 479.

1196 2256 1244 2284 Ad
1263 2255 1459 2283 venerabilem
1479 2255 1596 2283 Patrem
1614 2254 1773 2282 Martinum
1791 2252 1964 2288 Lutherum,
1982 2253 2064 2290 pium
2078 2252 2177 2281 Theo-

1238 2298 1337 2336 logum
1361 2298 1439 2325 Phil.
1462 2297 1602 2325 Melanth.
1628 2297 1699 2325 480.

1197 2339 1407 2380 Προπεμτικόν
1430 2341 1467 2368 ad
1489 2340 1553 2369 Ioh.
1577 2339 1704 2368 Hessum
1726 2339 1853 2367 amicum
1876 2338 1947 2367 481.

1196 2425 1243 2455 De
1267 2427 1378 2454 duabus
1399 2426 1491 2454 thecis
1514 2424 1672 2454 Simonidis
1696 2426 1767 2454 481.

1197 2469 1233 2497 In
1255 2469 1408 2497 Emserum
1431 2474 1459 2497 et
1481 2468 1610 2497 Fabrum
1633 2467 1872 2496 Antilutheranos
1893 2466 1964 2496 482.

1198 2511 1234 2539 In
1257 2511 1421 2540 Hesiodum
1446 2511 1518 2541 482.

1199 2555 1246 2583 Ex
1270 2555 1402 2584 Hesiodo
1427 2555 1497 2584 483.
