2299 2921
158 121 221 153 395

159 223 353 296 sticila11114)
377 222 632 259 Phariseorum,
666 232 732 252 non
755 222 917 253 intrabitis
942 222 973 251 in
997 231 1134 262 regnum

161 276 223 297 coe
239 276 341 296 orum.

246 315 466 347 Considerata
494 324 601 346 autem
622 315 830 346 Necessitate
858 324 942 355 quae
966 312 1134 355 multiplex

163 364 232 397 est,
263 364 445 400 sequuntur
474 359 536 389 liae
560 358 780 398 quaestiones.
828 356 921 392 Quae
941 366 1046 397 opera
1068 357 1135 388 sint

162 400 325 439 facienda,
349 401 512 442 quomodo
538 400 608 430 fieri
631 400 771 439 possint,
796 400 961 440 quomodo
980 398 1135 440 placeant

161 446 234 481 deo,
258 454 341 484 quae
365 444 508 474 habeant
531 443 668 482 premia,
691 443 781 483 quod
799 442 841 472 sit
861 442 1038 472 discrimen
1056 453 1134 482 pec-

606 119 717 151 PHlL.
743 119 843 150 MEL.
868 118 1052 151 SCRIPTA
1076 117 1341 150 DOGMATICA
1365 117 1418 149 ET
1441 117 1712 150 SYMBOLICA.

2096 117 2161 150 396

1272 219 1312 250 Hi
1335 220 1404 250 veri
1427 218 1533 251 cultus
1555 230 1620 251 non
1645 225 1783 261 possunt
1806 219 1969 260 praestari
1991 219 2063 251 sine
2086 219 2160 252 luce

1186 261 1360 303 Euangelij
1385 268 1416 292 et
1438 262 1508 293 sine
1533 262 1613 300 fide,
1645 264 1789 303 quos‘2'2)
1813 263 2010 302 aduermrij,
2034 264 2089 304 qui
2114 264 2159 294 vi-

1186 305 1255 336 deri
1270 303 1383 336 voliuit
1395 306 1445 342 23)
1458 305 1566 344 eximij
1580 314 1744 346 precones
1756 305 1917 336 bonorum
1930 315 2077 345 operum,
2096 315 2160 337 nec

1186 345 1390 388 intelligunt,
1424 357 1485 378 nec
1508 347 1674 389 flagitant,
1709 357 1782 378 cum
1805 348 1952 379 omittunt
1977 348 2160 379 doctrinam

1186 390 1227 421 de
1250 389 1313 420 fide
1336 400 1420 430 quae
1443 396 1494 421 est
1517 389 1636 422 fiducia
1667 390 1911 421 misericordiae
1940 391 2159 431 acquiescens

1185 433 1218 463 in
1241 431 1307 462 filio
1332 432 1406 470 Dei,
1429 435 1575 474 quae24)
1599 439 1649 463 est
1672 432 1884 473 praecipuum
1908 443 1992 474 opus
2016 440 2048 464 et
2072 443 2159 465 sum-

164 494 330 523 catorum,
360 496 444 526 quae
472 486 639 516 excutiunt
658 487 706 522 Ι5)
741 485 889 525 spiritum
920 491 1073 516 sanctum
1103 490 1135 515 et
1159 477 1162 535 ἱ
1186 485 1258 506 ‘¹¹⁰⁵
1281 473 1389 506 ‘mlius
1414 475 1474 506 (1θῖ-

161 540 246 571 quae
270 539 334 560 non
359 528 537 559 excutiunt.
557 530 604 564 λδ)

361 676 453 715 Quae
482 686 577 720 opera
608 674 751 707 sarienda
781 674 855 707 sint.
879 673 928 718 16)

249 775 322 814 [fol.
338 775 378 807 37
389 779 411 813 ²¹]
448 773 528 805 Vult
548 774 629 805 deus
649 780 681 805 et
700 773 795 805 fidem
814 778 847 804 et
864 783 965 813 opera
979 774 1051 814 regi
1074 782 1135 804 suo

162 820 276 856 uerbo,
299 819 375 849 ldeo
400 818 544 849 tenenda
575 824 627 848 est
656 827 771 847 norma
795 816 835 847 de
860 817 955 847 bonis
980 816 1136 856 operibus

162 862 374 893 interioribus
387 867 418 892 et
431 860 660 893 exterioribus,
681 869 765 901 quae
778 859 809 889 in
826 859 931 898 ijs17)
949 858 1136 899 praeceptis

161 906 213 936 dei
227 904 423 941 continetur,
444 912 530 944 quae
542 903 584 933 ad
598 912 659 933 nos
673 904 721 939 ¹⁸)
736 902 910 943 pertinent.
945 902 1041 932 Sicut
1057 900 1137 932 Eze-

162 947 276 979 chielis
306 947 417 983 2U.¹9)
452 946 589 983 dicitur,
625 945 658 976 ln
692 945 878 985 praeceptis
914 944 993 975 meis
1025 945 1137 976 ambu-

160 989 236 1022 late.
281 989 323 1021 Et
356 990 440 1021 haec
476 998 577 1029 opera
607 988 764 1020 interiora
798 993 829 1018 et
863 987 1030 1018 exteriora
1058 986 1138 1018 fiunt

162 1032 270 1065 cultus
294 1032 356 1067 dei,
381 1042 454 1064 cum
479 1031 558 1062 fiunt
580 1031 612 1061 in
637 1030 700 1062 fide
723 1036 755 1061 et
774 1029 962 1061 referuntur
984 1030 1027 1060 ad
1050 1029 1138 1061 hunc

162 1076 259 1107 finem
283 1081 317 1106 ut
341 1076 422 1106 deus
444 1073 508 1105 hac
531 1074 719 1105 obedientia
743 1072 939 1104 celebretur.

248 1126 379 1158 Dictum
404 1132 453 1157 est
477 1131 586 1156 autem
609 1130 711 1165 supra
729 1131 898 1155 externam
918 1123 1138 1154 obedientiam

163 1181 224 1202 seu
247 1169 452 1210 disciplinam
475 1174 646 1209 praestare
672 1177 771 1208 posse
796 1168 891 1198 etiam
909 1176 974 1197 non
993 1172 1138 1197 renatos.

163 1213 207 1244 Vt
230 1212 370 1244 honeste
393 1212 471 1243 viuit
489 1210 624 1248 Cicero,
659 1216 690 1241 et
723 1211 807 1241 bene
831 1215 975 1240 meretur
1005 1209 1045 1239 de
1069 1214 1139 1239 toto

164 1266 288 1299 genere
305 1255 446 1286 humano
468 1255 501 1284 in
519 1252 690 1284 laboribus
703 1253 754 1289 ’30)
779 1251 1036 1293 gubernationis,
1071 1251 1139 1282 Sed

164 1309 256 1330 mens
285 1298 384 1339 plena
413 1296 489 1335 [fol.
511 1295 583 1334 37¹²]
614 1302 666 1326 est
695 1295 932 1326 dubitationum
961 1294 1002 1324 de
1028 1294 1138 1334 proui-

165 1342 285 1378 dentia,
308 1351 371 1372 nec
394 1340 485 1371 nouit
507 1348 569 1370 nec
593 1336 771 1380 alloquitur
788 1348 901 1369 verum
925 1338 1021 1368 deum
1039 1338 1071 1367 in
1088 1335 1138 1366 111-
1163 1315 1167 1385 i

165 1384 352 1420 uocadone,
375 1393 436 1413 nec
448 1382 540 1413 nouit
553 1381 805 1422 promissioneS,
824 1387 856 1411 et
870 1389 1000 1421 semper
1013 1379 1138 1410 dubitat

166 1439 207 1459 an
231 1428 423 1458 exaudiatur
449 1425 645 1466 praesertim
675 1424 708 1454 in
738 1422 991 1460 calamitatibus,
1015 1423 1047 1453 in
1070 1422 1139 1463 qui-

166 1472 228 1502 bus
252 1471 348 1500 etiam
371 1468 445 1499 Deo
469 1468 639 1504 irascitur,
662 1467 789 1509 cogitat
810 1466 930 1497 iniuste
953 1475 992 1496 se
1014 1464 1139 1506 adfligi,

167 1524 242 1545 cum
264 1510 361 1544 fuerit
384 1511 465 1542 ciuis
487 1510 650 1541 honestus
674 1516 705 1541 et
728 1507 815 1540 vtilis
834 1506 1045 1548 reipublicae.
1079 1507 1141 1538 Ta-

168 1556 217 1587 les
241 1556 399 1586 tenebrae
428 1554 460 1584 in
484 1558 591 1584 mente
619 1558 696 1584 sunt
719 1562 841 1594 magna
865 1557 1022 1591 peccata,
1056 1559 1141 1591 quae

167 1599 251 1632 ratio
275 1598 347 1630 sine
369 1596 444 1628 luce
468 1597 578 1628 diuina
600 1605 668 1627 non
691 1595 772 1627 satis
795 1594 942 1627 iudicare
964 1599 1087 1636 potest.

255 1649 396 1691 Oportet
417 1649 518 1692 igitur
540 1648 572 1680 in
595 1647 720 1679 renatis
743 1647 839 1679 etiam
859 1645 1047 1678 interiorem
1065 1645 1143 1677 obe-

173 1694 326 1725 dientiam
349 1692 515 1730 inchoari,
544 1701 657 1723 veram
682 1691 733 1722 dei
757 1690 973 1732 agnitionem,
996 1689 1145 1720 timorem

173 1737 236 1774 dei,
258 1735 391 1768 dolores
414 1736 447 1766 in
468 1735 685 1776 poenitentia,
718 1733 870 1765 fiduciam
897 1731 1147 1764 misericordiae

173 1785 308 1821 propter
336 1777 437 1809 filium
459 1778 511 1808 dei
540 1777 736 1818 promissae,
759 1776 1016 1813 lnuocationem,
1041 1784 1147 1815 spem,

174 1822 395 1858 dilectionem,
419 1820 491 1859 [fol.
505 1819 577 1857 35³]
602 1818 765 1850 laeticiam
787 1819 819 1849 in
838 1819 914 1856 deo,
938 1824 969 1848 et
988 1817 1071 1848 alias
1085 1817 1149 1847 vir-

174 1871 274 1902 tuteS,
297 1872 330 1895 et
352 1868 482 1905 oportet
505 1872 563 1894 eas
587 1860 767 1899 referriv)
796 1861 838 1892 ad
866 1861 1010 1892 debitum
1039 1859 1149 1897 finem,

175 1906 304 1939 scilicet
327 1913 362 1938 vt
386 1907 447 1937 deo
472 1911 663 1946 praestetur
683 1904 879 1935 obedientia.

178 2072 222 2102 14)
242 2079 318 2102 supra
336 2069 474 2101 iusticiam]
493 2070 529 2093 sic
547 2069 627 2098 Cod.;
647 2068 727 2092 Editt.
742 2067 816 2091 1—3.
836 2068 877 2091 8.:
898 2067 952 2098 plus
971 2073 1049 2097 supra
1066 2073 1151 2097 quam,

244 2106 326 2129 Editt.
345 2104 435 2128 4-7.2
453 2104 509 2135 plus
528 2111 604 2134 quam

178 2148 223 2178 15)
243 2146 387 2180 excutiunt]
407 2146 490 2170 scriba
508 2151 610 2177 utroque
630 2146 681 2169 loco
699 2146 847 2177 scripserat:
873 2144 1019 2171 excutiant,
1044 2143 1072 2167 id
1089 2142 1154 2175 quod

246 2183 320 2207 etiam
338 2182 418 2205 Editt.
438 2182 463 2205 5.
483 2182 506 2204 7.
526 2179 652 2209 ezhz'bent3
670 2180 731 2203 Mel.
752 2178 814 2202 banc
824 2179 934 2209 formam
956 2177 1044 2202 delevit
1063 2180 1085 2200 pt
1104 2184 1152 2209 pro

247 2225 276 2241 ea
293 2217 405 2248 scripsit:
424 2216 565 2244 excutiunt,
584 2215 658 2239 sicuti
677 2214 750 2238 etiam
767 2214 793 2236 in
812 2213 890 2237 Editt.
903 2213 978 2236 1-4.
998 2212 1022 2235 6.
1043 2212 1065 2235 8.
1086 2215 1152 2235 utro-

249 2259 295 2283 que
314 2251 365 2274 loco
385 2250 482 2281 leyitur.

179 2295 222 2326 16)
242 2294 362 2318 facienda
380 2292 450 2326 sint]
469 2293 549 2317 Editt.
570 2293 594 2315 4.
614 2292 652 2315 6.:
672 2293 723 2315 siut
741 2290 867 2314 facienda.

180 2338 224 2368 17)
245 2336 287 2368 ijs]
307 2337 342 2360 sic
361 2336 441 2366 Cod.;
460 2336 540 2360 Editt.
562 2335 637 2359 l—3.
657 2335 694 2358 8.:
714 2334 768 2364 his;
788 2336 847 2357 cett.
866 2332 961 2356 Editt.:
980 2332 1036 2356 istis

181 2380 225 2410 18)
245 2379 304 2411 nos]
323 2379 382 2404 haec
399 2387 446 2403 vox
464 2380 490 2402 in
508 2381 625 2402 contextu
649 2378 740 2401 omina
758 2384 833 2409 supra
857 2375 945 2399 lineam
968 2374 1095 2406 adam-{pta
1114 2377 1153 2398 esi.

186 2422 229 2453 19)
249 2421 303 2480 {od}
322 2424 364 2480 incl
375 2426 440 2480 regie
450 2422 514 2479 0231.
535 2421 662 2452 (lequntur
672 2421 733 2444 enim
751 2427 812 2452 seqq.
832 2417 907 2443 verba
923 2417 1015 2441 Ezech.
1028 2418 1069 2446 20,
1085 2417 1155 2448 19.);

294 2461 332 2479 itt.
370 2471 398 2474 —
420 2466 442 2480 .:
497 2475 502 2480 .

182 2500 231 2530 20)
250 2500 276 2557 {p
295 2499 437 2556 lzboribus]
457 2500 493 2523 sic
511 2499 578 2523 Cod.
600 2501 622 2522 et
646 2497 726 2521 Editt.
749 2496 821 2520 1--3.
842 2496 881 2524 8.;
906 2495 985 2519 Editt.
1004 2495 1095 2519 4—7.:
1120 2495 1156 2518 la-

267 2541 307 2556 ori
329 2541 355 2556 us

184 2576 230 2607 21)
251 2575 351 2607 referri]
372 2577 408 2600 sic
427 2576 508 2605 Cod.;
529 2575 610 2599 Editt.
630 2581 713 2598 omn.:
733 2573 829 2597 referre

1272 542 1324 572 De
1348 544 1503 582 operibus
1530 554 1596 573 non
1627 543 1789 573 mandatis
1820 553 1841 573 a
1872 543 1933 574 deo
1962 543 2048 581 infra
2071 545 2159 574 dice·

1187 595 1271 622 mus,
1296 584 1335 615 Et
1358 584 1473 626 regula
1496 586 1637 616 tenenda
1659 592 1727 623 est,
1745 587 1796 621 2⁵)
1821 584 1954 616 Frustra
1977 585 2090 616 colunt
2109 595 2162 616 me

1188 628 1351 658 mandatis
1374 628 1550 658 hominum.
1601 628 1688 669 Sepe
1713 628 1786 667 [fol.
1811 628 1882 666 38'2]
1908 634 2016 659 autem
2038 629 2070 659 in
2101 627 2162 659 Ec-

1159 669 1163 701 Ι
1189 669 1292 701 clesia
1314 670 1444 707 accidit,
1466 677 1501 701 vt
1523 672 1645 701 maiore
1656 673 1708 709 ²⁶)
1734 681 1813 701 cura
1833 676 2008 702 seruentur
2030 670 2163 702 humani

1188 713 1271 744 ritus
1295 723 1391 754 quam
1415 719 1595 754 praecepta
1617 714 1684 751 dei,
1718 714 1782 744 imo
1814 719 1849 744 vt
1871 714 2033 745 autoritas
2055 713 2162 754 phari-

1189 756 1352 787 saicarum
1377 760 1409 786 et
1426 756 1619 786 iniustarum
1637 757 1848 787 traditionum
1861 754 2063 787 anteferatur
2074 766 2164 787 man·

1190 799 1274 829 datis
1297 798 1426 832 diuinis,
1449 804 1485 829 ut
1507 797 1617 829 multis
1641 798 1784 829 saeculis
1802 804 1936 840 propter
1959 799 2113 829 iniustam
2131 804 2165 829 et

1189 841 1318 882 impiam
1342 839 1449 882 legem
1474 841 1514 871 de
1537 839 1681 872 celibatu
1711 849 1922 882 praeceptum
1945 841 1996 872 dei
2019 841 2060 872 de
2081 851 2162 872 vera

1190 884 1341 915 castitate
1363 882 1561 914 horribiliter
1584 883 1741 914 violatum
1764 890 1825 914 est.
1873 883 2158 914 Considerandum

1190 931 1241 957 est
1263 927 1362 968 igitur
1384 927 1561 957 discrimen
1584 925 1770 968 legum‚'²⁷)
1795 927 1836 957 de
1858 935 1923 967 quo
1943 935 2059 957 rursus
2078 925 2165 957 infra

1191 970 1348 1000 dicemus.

1339 1116 1512 1157 Quomodo
1541 1116 1662 1161 possint
1691 1116 1758 1148 fieri
1789 1115 1872 1149 bona
1902 1116 2021 1161 opera?

1278 1215 1402 1258 Magna
1424 1221 1476 1247 est
1499 1215 1668 1246 infirmitas
1688 1215 1866 1251 hominum,
1890 1221 1920 1245 et
1940 1213 2093 1245 diabolus
2114 1219 2167 1245 est

1192 1260 1373 1290 acerrimus
1396 1258 1513 1294 hostis,
1537 1258 1591 1298 qui
1614 1258 1690 1288 odio
1722 1258 1775 1287 dei
1798 1263 1973 1298 grassatur
1995 1257 2029 1287 in
2053 1257 2166 1288 huma·

1192 1313 1271 1333 num
1295 1301 1370 1339 [fol.
1394 1301 1465 1339 39¹¹]
1495 1310 1600 1341 genus
1630 1310 1670 1330 ac
1699 1299 1894 1340 praesertim
1919 1297 2104 1330 Ecclesiam
2114 1300 2167 1336 28)

1193 1350 1331 1376 conatur
1354 1344 1518 1384 dissipare
1541 1348 1698 1384 quantum
1722 1348 1848 1382 potest‚
1873 1347 1908 1372 vt
1931 1341 2093 1381 scriptum
2116 1346 2168 1372 est

1192 1398 1212 1419 a
1237 1387 1344 1418 Petro.
1356 1389 1408 1423 ¹2⁹)
1455 1385 1615 1428 Vigilate,
1651 1385 1727 1426 quia
1756 1385 1969 1416 aduersarius
1992 1386 2168 1422 vester³⁰)

1193 1437 1348 1472 tanquam
1377 1428 1430 1460 leo
1454 1429 1589 1470 rugiens
1613 1427 1762 1458 circumit
1783 1436 1967 1469 quaerens,
1994 1436 2090 1467 quem
2113 1426 2169 1457 de·-

1192 1479 1299 1504 uoret.

1282 1541 1360 1572 ldeo
1383 1550 1570 1581 quanquam
1593 1544 1761 1570 externam
1790 1536 1997 1577 disciplinam
2020 1535 2170 1567 homines

1197 1583 1405 1616 naturalibus
1427 1582 1552 1614 viribus
1576 1587 1743 1622 vtcunque
1765 1585 1935 1621 praestare
1947 1584 2099 1619 possunt,
2124 1584 2171 1609 ta-

1198 1637 1273 1659 men
1298 1636 1378 1668 sepe
1400 1626 1574 1657 vincuntur
1597 1623 1660 1655 hac
1683 1624 1845 1654 communi
1869 1621 2067 1659 infirmitate,
2089 1630 2172 1662 sepe

1199 1668 1353 1702 diabolus
1381 1670 1542 1704 etiamffl)
1577 1676 1643 1697 non
1678 1664 1768 1697 feros
1799 1665 1948 1696 homines
1976 1662 2111 1705 impellit
2140 1664 2174 1695 in

1199 1720 1286 1745 tetra
1308 1710 1450 1749 scelera,
1472 1715 1507 1742 ut
1530 1710 1660 1750 decepit
1675 1708 1813 1745 Heuam,
1836 1706 1963 1748 impulit
1980 1705 2100 1738 fratres
2123 1707 2174 1737 Io-

1200 1755 1295 1797 seph,
1318 1754 1481 1786 Dauidem
1504 1758 1536 1785 et
1558 1751 1642 1784 alios
1665 1749 1933 1783 innumerabiles.
1971 1749 2065 1785 Quae
2076 1750 2175 1792 igitur

1200 1805 1309 1841 potest
1331 1807 1407 1829 esse
1431 1796 1599 1838 diligentia
1621 1794 1674 1826 vel
1698 1794 1952 1835 circumspectio
1966 1803 2027 1834 par
2039 1793 2175 1824 astutis-

1202 1842 1285 1873 simo
1308 1840 1418 1872 hosti?
1462 1839 1523 1870 Hic
1550 1838 1722 1870 teneamus
1753 1837 1826 1875 [fol.
1849 1836 1920 1874 39²2]
1952 1835 2176 1867 dulcissimam

1202 1883 1474 1917 consolationem.
1531 1882 1691 1923 Adparuit
1723 1879 1809 1911 filius
1844 1878 1924 1915 Dei,
1959 1884 1994 1910 vt
2028 1879 2176 1910 destruat

1205 2049 1250 2077 22)
1271 2046 1346 2079 qnos]
1366 2046 1448 2070 scriba
1467 2046 1615 2078 scripserat:
1635 2043 1736 2074 Quare,
1762 2043 1804 2067 hoc
1822 2043 1884 2067 Mel.
1908 2042 1994 2067 delevit
2014 2045 2036 2066 et
2055 2042 2080 2065 in
2097 2048 2177 2072 mar-q.

1274 2081 1420 2113 adscripsit:
1440 2088 1504 2111 quos
1525 2080 1574 2111 (sic
1592 2086 1661 2103 omn.
1679 2079 1774 2107 Editt.)

1204 2126 1250 2157 23)
1271 2125 1353 2182 vigeri
1373 2122 1472 2155 volunt]
1492 2123 1528 2146 sic
1547 2122 1613 2146 Cod.
1633 2125 1655 2146 et
1678 2121 1760 2145 Editt.
1780 2122 1804 2144 4.
1824 2119 1867 2149 6.;
1891 2123 1950 2143 cett.
1968 2119 2064 2142 Editt.:
2089 2117 2178 2141 volunt

1272 2167 1296 2183 vi
1319 2167 1355 2182 eri

1205 2204 1251 2233 24)
1271 2201 1346 2235 quae]
1366 2201 1448 2225 Editt.
1469 2200 1543 2224 1—3.
1563 2200 1602 2223 8.:
1622 2199 1664 2229 qui

1206 2246 1252 2277 25)
1272 2244 1384 2268 tenenda
1404 2243 1452 2275 est]
1471 2243 1518 2267 Ed.
1539 2244 1563 2267 4.
1583 2243 1609 2265 in
1626 2249 1720 2273 marq„
1739 2239 1818 2264 Edttt.
1839 2239 1862 2264 5.
1883 2239 1907 2262 7.
1932 2238 1958 2261 in
1981 2241 2051 2262 textu
2073 2235 2180 2261 addunt:

1276 2279 1367 2303 Matth.
1390 2279 1429 2302 15,
1449 2279 1506 2302 item
1524 2277 1573 2301 Ed.
1594 2276 1632 2300 6.:
1652 2275 1726 2299 Matt.
1745 2275 1770 2298 5.

1206 2323 1254 2355 26)
1273 2322 1382 2352 maiore]
1401 2322 1437 2345 sic
1455 2321 1537 2349 Cod.;
1556 2319 1636 2343 Editt.
1656 2325 1740 2342 omm:
1758 2317 1850 2341 maiori

1208 2365 1254 2397 27)
1274 2363 1380 2397 legum‚]
1400 2365 1436 2388 sic
1454 2363 1520 2388 Cod.
1540 2365 1562 2386 et
1581 2361 1661 2385 Editt.
1680 2363 1705 2384 4.
1725 2359 1764 2389 6.;
1785 2363 1843 2384 cett.
1863 2358 1959 2382 Editt.:
1978 2358 2052 2389 legis,

1208 2409 1254 2437 28)
1274 2406 1428 2438 Ecclesiam]
1447 2407 1483 2430 sic
1501 2405 1582 2434 θοὰς
1602 2405 1680 2428 Editt.
1701 2411 1783 2427 omn.:
1801 2402 1945 2426 Ecclesiam
1964 2401 2015 2425 Dei

1209 2451 1254 2482 29)
1275 2458 1290 2474 a
1307 2449 1406 2483 Petra]
1426 2450 1475 2474 Ed.
1495 2450 1519 2473 4.
1537 2450 1564 2472 in
1581 2455 1670 2478 mary„
1690 2447 1737 2470 Ed.
1749 2445 1773 2469 6.
1792 2447 1819 2470 in
1836 2448 1906 2469 textu
1924 2443 2031 2468 addunt:
2052 2444 2073 2467 l.
2089 2441 2182 2466 Pee.5.

1209 2494 1256 2526 30)
1275 2494 1438 2517 aduersarius
1463 2491 1557 2523 vester]
1584 2491 1620 2514 sic
1644 2490 1709 2514 cod.
1733 2492 1756 2513 et
1781 2489 1861 2512 Editt.
1885 2490 1910 2511 4.
1935 2487 1974 2516 6.;
1998 2490 2058 2510 cett.
2084 2485 2182 2509 Editt.:

1278 2528 1441 2551 aduersarius
1459 2530 1544 2550 vester
1563 2524 1680 2549 diabolus

1210 2571 1254 2602 31)
1276 2571 1393 2595 diabolus
1413 2569 1501 2600 etiam]
1519 2568 1599 2593 Editt.
1618 2567 1710 2591 4—7.:
1731 2566 1810 2590 etiam
1828 2564 1946 2589 diabolus
