2299 2921
168 99 231 130 311
822 98 1012 131 PHILIPPI
1033 97 1355 131 MELANTHONJS
1378 97 1537 129 OPERA.
1782 118 1784 120 -
1950 123 1956 130 .
2121 100 2186 132 312

212 193 304 221 Recte
329 191 544 222 consistorium
565 197 705 222 nostrum.
741 193 825 229 VIII,
849 194 921 223 816.

212 235 304 274 Regis
329 236 562 274 Maxaemyliani
583 236 691 264 literas.
727 236 784 271 IX,
809 236 880 265 852.

212 279 321 317 Rigam
346 280 471 307 cinctam
495 288 559 307 esse
579 279 739 308 obsidione.
775 278 831 314 IX,
856 280 926 309 751.

212 321 340 357 Scimus,
365 322 414 359 qui
437 322 494 350 sint
516 321 643 349 Paterni.
677 321 734 356 IX,
760 322 830 351 168.

211 364 282 395 Scio
306 364 412 393 molem
435 365 632 402 negociorum.
657 363 739 398 VIII,
761 365 831 394 525.

213 407 347 437 Scribam
369 412 397 435 et
418 407 454 434 de
476 407 615 435 articulis.
648 406 705 442 IX,
731 408 801 436 790.

213 450 362 488 Scriptum
385 454 428 477 est
450 450 527 487 apud
550 450 679 478 Esaiam.
715 449 797 484 VIII,
823 451 893 480 541.

214 493 337 530 Semper
360 493 472 529 ingenii
496 497 524 520 et
546 497 677 520 naturae.
713 492 781 527 VH,
806 493 856 522 87.

215 536 274 573 Spe
298 535 438 572 colloquii
460 536 549 563 vestri
572 536 696 563 rediens.
730 534 787 570 IX,
812 536 883 565 837.

215 578 321 616 Spirae
343 579 420 606 inter
438 577 612 606 causidicos
637 583 687 607 est.
720 577 777 613 IX,
801 578 873 608 803.

214 620 365 650 Summam
389 621 594 658 disputationis
617 621 710 649 initio.
730 620 784 656 IV,
808 622 879 651 793.

213 665 326 693 Tenete
349 668 377 691 et
399 673 452 692 vos
474 664 558 691 hanc.
592 663 677 699 VIII,
701 665 772 693 489.

214 706 257 736 Ut
279 707 449 744 Principum
472 707 706 735 deliberationes.
741 706 798 740 IX,
824 706 894 736 727.

214 749 257 779 Ut
278 750 400 777 veniens
423 759 518 778 annus
538 767 588 777 ——.
612 750 676 786 Ego
701 754 736 779 et.
772 749 857 784 VIII,
882 749 953 779 632.

214 792 266 827 Ut,
288 792 419 821 veniente
442 802 529 827 anno,
551 792 798 829 tranquillitatem.
833 792 917 828 VIH,
942 792 1012 822 624.

174 844 454 881 Morenbergio,
478 843 628 871 Ioanni:

218 886 272 916 {Die
296 886 376 923 thta
400 888 488 916 bunun
512 887 544 915 Q.
567 887 600 916 (ἓ.
625 886 762 923 ῖῴτείὑεη.
797 886 854 923 ΙΧ,
880 887 950 916 847.

174 937 352 973 Morlino,
373 937 579 966 Ioachimo:

216 981 342 1019 Propter
364 981 470 1009 multas
492 981 689 1018 gravissimas.
722 950 807 1017 VIII,
830 981 880 1011 52.

217 1023 340 1061 Semper
362 1024 475 1052 animos
496 1029 620 1052 nostros.
656 1024 708 1060 VI,
736 1025 804 1054 183.

175 1075 354 1110 Morlino,
378 1075 659 1103 Maximiliano:

218 1118 285 1146 Etsi
306 1119 435 1146 nondum
458 1123 574 1147 certam.
608 1117 661 1153 VI,
685 1119 756 1148 701.

176 1168 450 1200 Miihlhausano
474 1167 643 1197 Senatui:

221 1213 254 1242 (Ξ.
280 1212 328 1243 ΞΒ.
349 1212 455 1248 &christ
478 1212 630 1249 beiangenb
653 1212 694 1241 bie
718 1212 882 1249 OEestessung.
913 1212 950 1248 V,
971 1213 1044 1241 451.

220 1255 356 1291 &taonem
376 1256 418 1292 ibt
440 1264 474 1284 cm
493 1256 558 1289 mid)
579 1255 749 1291 flescbtieben.
780 1255 816 1290 V,
839 1256 887 1284 15.

222 1297 277 1328 2330
301 1299 337 1333 id>
359 1299 392 1328 (ξ.
412 1297 548 1334 anement
568 1306 614 1337 gut
632 1298 736 1332 settene.
766 1297 820 1333 IV,
840 1298 912 1327 919.

180 1349 378 1385 Muellero,
401 1349 587 1387 Casparo:

222 1392 389 1421 Ioachimus
412 1397 511 1420 noster
534 1392 570 1420 ad
594 1401 654 1420 vos.
687 1391 711 1426 I,
737 1391 807 1421 832.

181 1435 353 1464 Mulnero
376 1445 399 1464 s.
422 1433 596 1469 Miillero,
620 1433 864 1463 Sebastiano:

223 1478 388 1515 Aliquoties
411 1482 439 1505 et
460 1478 546 1507 filios.
582 1478 618 1512 V,
644 1478 715 1507 797.

222 1521 374 1559 Impressit
396 1521 479 1549 Deus
503 1521 663 1550 hominum.
696 1520 749 1555 VI,
775 1521 845 1549 103.

180 1563 405 1599 Miinsteris,
428 1562 592 1592 Sebaldo
617 1569 649 1591 et
672 1563 907 1592 Leonhardo:

224 1607 299 1636 Cum
321 1607 351 1635 in
375 1616 410 1635 ea
433 1607 496 1635 sitis
519 1607 599 1634 urbe.
632 1605 685 1641 VI,
710 1607 780 1636 660.

182 1651 320 1683 Musae,
344 1650 527 1678 Antonio:

225 1691 360 1721 Gratiam
383 1693 436 1720 tibi
457 1693 561 1727 habeo,
585 1693 660 1720 doct.
685 1702 707 1720 e.
730 1697 789 1730 opt.
824 1692 861 1727 V,
885 1692 935 1721 57.

222 1736 439 1764 Illustrissimus
463 1741 491 1763 et
512 1735 584 1764 Rev.
605 1735 747 1775 Princeps
768 1735 923 1772 Georgius.
956 1733 1009 1770 VI,
1033 1734 1106 1763 500.

181 1779 329 1814 Musae,
352 1779 598 1816 Appollouio:

225 1821 360 1850 Gratiam
382 1822 434 1849 tibi
457 1822 558 1850 debeo.
593 1822 630 1856 V,
654 1822 725 1850 465.

182 1865 367 1899 Musculo,
391 1865 577 1892 Andreaez

224 1907 300 1936 Cum
323 1912 389 1935 ante
413 1907 485 1935 duos
508 1915 630 1934 menses.
663 1905 717 1940 VI,
743 1907 814 1936 104.

225 1951 292 1988 Ego
315 1959 394 1985 vero,
417 1950 576 1978 reverende
600 1950 652 1977 vir.
687 1948 772 1983 VIII,
797 1950 846 1978 67.

182 1993 371 2027 Musculo,
390 1993 595 2030 Eutychio:

224 2037 364 2073 Agnosco
388 2036 525 2073 pietatem
549 2040 638 2063 tuam.
675 2035 713 2070 V,
737 2034 808 2063 525.

225 2079 385 2107 Meministi
402 2088 517 2106 versum
539 2078 757 2116 Aristophanis.
790 2077 827 2112 V,
851 2077 922 2106 495.

226 2121 293 2157 Quo
315 2122 361 2150 die
384 2126 462 2149 tuam
487 2121 648 2158 epistolam.
678 2121 716 2155 V,
739 2121 810 2149 464.

218 2158 255 2192 Ὠ
277 2165 400 2204 φίλτατε
421 2162 542 2203 αδελφὲ.
577 2163 630 2198 VI,
656 2164 726 2193 677.

184 2207 363 2242 Musculo‚
386 2207 625 2244 Wolfgangm

225 2250 324 2278 Deum
347 2254 497 2278 aeternum
520 2249 637 2277 Patrem
657 2267 707 2278 —.
732 2249 900 2278 Meministi.
933 2247 972 2284 V,
993 2249 1064 2278 755.

226 2293 261 2321 In
282 2297 427 2321 conventu
449 2293 510 2320 scio
532 2292 614 2320 nihil.
647 2291 688 2327 X,
715 2292 784 2321 167.

226 2335 269 2364 Ut
291 2345 390 2364 coram
412 2336 483 2364 mihi
508 2336 696 2363 consuetudo.
726 2333 779 2369 IV,
803 2335 874 2363 410.

226 2377 346 2407 Utinam
369 2379 462 2415 magis
485 2378 551 2407 frui.
585 2377 638 2412 IV,
663 2378 734 2407 785.

184 2421 362 2456 Muslero,
384 2421 530 2449 Ioanni:

227 2463 434 2492 Commoverat
456 2474 501 2491 me
524 2473 582 2491 non
606 2463 687 2491 nihil.
720 2462 772 2497 IV,
797 2463 868 2492 953.

186 2507 363 2541 Mustero,
384 2506 531 2534 Ioanni:

228 2549 449 2578 Humanissima
471 2559 529 2577 vox
553 2553 597 2577 est
619 2548 749 2577 Homeri.
784 2547 838 2583 IV,
865 2547 954 2577 1067.

1200 194 1394 232 Myconio,
1417 192 1632 221 Friderico:

1250 237 1361 274 Accepi
1384 236 1461 273 apud
1484 244 1538 264 vos
1561 237 1714 272 quendam.
1744 235 1798 272 IV,
1823 237 1893 266 931.

1248 279 1361 317 Accepi
1384 279 1485 306 literas
1507 283 1571 306 tuas
1590 279 1625 306 de
1646 278 1821 308 Isenacensi.
1857 279 1881 315 Ι,
1906 280 1978 309 981.

1248 322 1448 359 Acquiescunt
1470 321 1557 349 animi
1581 322 1631 358 pii.
1662 322 1697 357 V,
1721 322 1792 351 787.

1249 366 1391 402 Agnosco
1415 364 1568 392 candorem
1592 365 1691 394 animi.
1727 364 1766 399 II,
1791 365 1862 395 950.

1249 408 1415 444 Aliquoties
1439 407 1575 436 collocuti
1598 417 1705 435 sumus.
1739 407 1792 441 IV,
1817 409 1888 438 884.

1250 450 1387 487 Amplius
1407 459 1459 478 sex
1480 450 1678 479 hebdomadis.
1715 449 1755 485 ΙΙ,
1782 452 1852 480 117.

1251 491 1480 530 christophorus
1503 492 1561 528 ille,
1586 503 1681 530 quem.
1717 492 1756 527 II,
1781 494 1852 522 519.

1253 534 1466 573 Cemmigrabit
1489 536 1526 563 ad
1548 544 1601 564 vos
1621 536 1708 565 brevi.
1744 535 1800 569 ΙΠ,
1825 535 1896 566 237.

1254 578 1369 607 Crescit
1391 579 1521 616 quotidie
1543 579 1713 616 frequentia.
1744 578 1798 614 III,
1825 580 1915 609 1138.
1951 599 1953 601 ·

1253 621 1351 650 David
1376 630 1466 649 senex
1490 622 1645 650 confectus.
1679 622 1731 657 IV,
1756 623 1826 651 754.

1217 672 1220 676 ’
1256 663 1303 692 De
1327 669 1471 692 conventu
1492 674 1538 692 res
1561 665 1657 702 digna.
1693 665 1730 700 V,
1754 665 1825 694 400.

1255 706 1303 735 De
1322 707 1478 735 Pancratio
1502 708 1597 735 etiam.
1632 707 1671 741 II,
1697 709 1768 736 549.

1254 749 1351 778 Decet
1371 749 1533 778 Ecclesiam
1554 751 1732 778 instructam.
1765 750 1822 785 HI,
1846 751 1917 781 447.

1255 792 1396 821 Delector
1417 792 1515 821 officio
1539 797 1588 821 tuo
1613 798 1639 820 et
1658 793 1789 822 Portuni.
1823 792 1879 828 HI,
1903 794 1974 823 439.

1255 835 1352 864 Deum
1374 845 1487 873 precor,
1510 841 1542 864 ut
1564 836 1704 864 Portuno.
1734 835 1789 870 III,
1809 836 1880 865 458.

1256 878 1352 907 Doleo
1374 888 1420 906 me
1441 888 1501 906 non
1523 879 1660 916 potuisse.
1695 878 1719 914 I,
1744 879 1815 908 870.

1256 921 1423 950 Draconem
1446 921 1577 949 hortatus
1600 930 1673 949 sum.
1708 921 1731 956 I,
1756 921 1828 950 980.

1256 964 1406 992 Ecclesiae
1427 968 1545 992 nostrae
1566 973 1674 992 rursus.
1707 964 1760 1000 IV,
1786 964 1857 993 661.

1256 1007 1321 1035 Etsi
1344 1012 1503 1035 conventus
1526 1006 1646 1034 nullum.
1682 1006 1705 1041 Ι,
1733 1007 1821 1036 1047.

1255 1049 1320 1078 Etsi
1344 1050 1493 1087 cupiebam
1517 1050 1553 1077 ad
1576 1054 1613 1078 te.
1647 1049 1701 1085 IV,
1726 1050 1797 1079 864.

1255 1093 1319 1120 Etsi
1343 1098 1370 1121 et
1393 1103 1458 1120 mea
1480 1093 1625 1120 valetudo.
1659 1093 1698 1127 V,
1724 1093 1794 1121 434.

1256 1135 1319 1164 Etsi
1343 1136 1427 1163 facile
1451 1136 1552 1173 patior.
1576 1134 1616 1170 II,
1641 1136 1712 1164 871.

1254 1178 1320 1206 Etsi
1341 1179 1371 1206 in
1394 1184 1537 1206 conventu
1559 1188 1605 1205 me
1627 1178 1756 1206 odiosae.
1786 1177 1838 1212 IV,
1863 1178 1945 1207 645..

1255 1220 1321 1248 Etsi
1339 1221 1493 1249 mediocris
1515 1226 1559 1248 est
1580 1220 1752 1257 frequentia.
1783 1219 1839 1255 III,
1865 1220 1955 1250 1128.

1256 1263 1322 1291 Etsi
1345 1263 1521 1291 reverendus
1541 1262 1578 1290 D.
1604 1263 1724 1291 Doctor.
1759 1262 1814 1298 III,
1837 1263 1907 1292 291.

1258 1306 1323 1334 Etsi
1345 1315 1432 1344 saepe
1455 1306 1591 1343 graviter.
1622 1305 1660 1340 II,
1683 1306 1756 1335 975.

1258 1348 1323 1377 Etsi
1346 1358 1540 1386 speraveram,
1564 1347 1734 1385 Georqum.
1770 1348 1807 1383 V,
1830 1347 1879 1378 25.

1257 1392 1435 1429 Expostulat
1456 1392 1606 1419 nobiscum
1627 1391 1665 1419 D.
1689 1391 1776 1420 Doct.
1798 1390 1855 1426 III,
1879 1391 1950 1420 976.

1259 1434 1382 1463 Gaudeo
1405 1434 1620 1462 clementiorem
1643 1434 1729 1471 apud.
1764 1433 1804 1469 II,
1825 1433 1896 1463 572.

1260 1477 1384 1506 Gaudeo
1406 1481 1435 1505 te
1455 1478 1606 1505 reductum
1629 1486 1701 1505 esse.
1736 1476 1793 1511 III,
1817 1477 1889 1506 772.

1258 1519 1408 1549 Hesiodus
1430 1521 1534 1558 inquit,
1558 1519 1673 1548 Bonum
1697 1520 1832 1547 vicinum.
1866 1517 1923 1555 ΙΠ,
1950 1520 2041 1549 1096.

1258 1563 1317 1592 Hic
1339 1564 1420 1592 aiunt
1441 1568 1470 1591 te
1493 1564 1661 1591 rediturum.
1696 1562 1752 1597 III,
1780 1563 1849 1591 187.

1257 1606 1420 1635 Historiam
1443 1607 1609 1644 accepimus
1630 1605 1785 1634 Lutherus.
1820 1604 1859 1640 H,
1883 1605 1953 1635 449.

1258 1649 1367 1685 Hodie,
1390 1650 1430 1677 mi
1452 1648 1510 1683 Fr.,
1532 1649 1600 1677 inde
1622 1657 1721 1685 usque.
1756 1647 1793 1683 V,
1818 1648 1867 1677 36.

1257 1692 1292 1720 In
1314 1693 1416 1720 itinere
1438 1692 1515 1720 bono
1538 1692 1645 1719 animo.
1680 1691 1703 1725 I,
1729 1691 1819 1719 1108.

1258 1735 1402 1772 Inquisivi
1423 1734 1575 1772 fugitivum
1598 1733 1897 1762 Waltershausanum.
1929 1732 1981 1769 IV,
2006 1733 2077 1762 816.

1259 1779 1343 1806 Iubet
1365 1778 1475 1805 Paulus
1496 1781 1526 1805 ut
1546 1777 1713 1805 multorum.
1747 1775 1802 1811 HI,
1830 1777 1919 1805 1097.

1258 1820 1435 1849 Laudabunt
1455 1820 1625 1853 Dominum,
1646 1821 1694 1856 qui
1717 1820 1875 1856 requirunt.
1910 1817 1965 1854 VI,
1989 1819 2038 1847 47.

1258 1863 1345 1901 Legit
1365 1863 1404 1892 D.
1427 1862 1581 1892 Lutherus.
1616 1863 1653 1897 V,
1676 1863 1748 1891 657.

1259 1906 1378 1944 Lipsiae
1400 1906 1453 1935 tibi
1475 1907 1588 1943 scripsi,
1606 1915 1660 1933 me.
1694 1905 1735 1940 H,
1761 1905 1808 1934 12.

1260 1950 1401 1986 Magister
1424 1947 1537 1986 Caspar
1555 1948 1711 1977 Bornerus.
1745 1947 1784 1983 H,
1808 1948 1878 1977 961.

1260 1993 1381 2020 Memini
1402 1997 1495 2020 totum
1518 1992 1677 2029 negotium.
1710 1991 1751 2026 H,
1774 1991 1846 2020 444.

1260 2036 1419 2064 Meministi
1438 2044 1491 2063 nos
1515 2044 1579 2062 cum
1602 2043 1688 2063 esses.
1723 2033 1778 2068 III
1802 2033 1873 2062 415.

1259 2079 1384 2113 Meuius,
1409 2078 1487 2115 quod
1509 2078 1595 2106 faust.
1618 2077 1721 2114 selixq
1742 2078 1788 2111 sit,
1811 2076 1849 2104 ad
1870 2084 1931 2105 vos.
1966 2074 2107 2111 1,1030.

1261 2122 1302 2149 Mi
1326 2121 1386 2156 Fr.,
1410 2120 1584 2149 Franciscus
1605 2120 1644 2148 N.
1678 2120 1719 2155 Π,
1742 2120 1812 2148 608.

1258 2164 1333 2193 Mihi
1357 2173 1472 2202 quoque
1494 2164 1639 2191 silentium
1663 2167 1803 2191 nostrum.
1839 2160 1878 2197 H,
1903 2161 1974 2190 709.

1259 2208 1351 2235 Miror
1371 2217 1430 2235 non
1453 2207 1605 2236 redditam.
1641 2206 1693 2241 IV,
1719 2206 1789 2234 843.

1259 2251 1328 2278 Misi
1351 2250 1531 2279 sacerdotem
1553 2250 1639 2277 hunc.
1672 2248 1697 2284 I,
1719 2248 1810 2276 1093.

1259 2293 1345 2321 Mitto
1365 2293 1465 2321 literas
1483 2293 1558 2320 istuc
1580 2293 1616 2320 de
1639 2290 1804 2320 Gotthcnsi.
1840 2289 1864 2325 I,
1890 2290 1980 2318 1031.

1258 2336 1344 2364 Mitto
1367 2336 1420 2364 tibi
1442 2336 1624 2364 sententiam.
1659 2333 1698 2369 ΙΙ,
1719 2334 1790 2362 719.

1258 2379 1352 2407 Multo
1375 2383 1442 2407 ante
1466 2388 1482 2406 e
1505 2378 1683 2415 Witeberga.
1718 2376 1743 2412 Ι,
1769 2375 1860 2404 1012.

1260 2421 1367 2459 Neque
1390 2431 1443 2459 ego
1465 2421 1527 2456 tibi,
1551 2422 1590 2448 mi
1612 2420 1674 2455 Fr.,
1697 2419 1820 2457 prolixe.
1844 2417 1884 2453 11,
1908 2418 1979 2446 440.

1258 2464 1342 2492 Nihil
1364 2465 1458 2492 adhuc
1479 2465 1509 2492 in
1530 2464 1575 2491 his
1598 2463 1732 2491 comitiis.
1767 2461 1808 2497 H,
1834 2461 1903 2491 179.

1259 2507 1400 2536 Nondum
1423 2507 1577 2535 inchoatae
1599 2511 1666 2534 sunt
1689 2505 1909 2542 disputationes.
1942 2502 2000 2539 111,
2027 2502 2118 2531 1188.

1260 2549 1286 2578 Ο
1307 2556 1419 2588 gratam
1443 2555 1471 2578 et
1493 2549 1614 2578 dulcem.
1649 2548 1704 2584 111,
1732 2547 1822 2577 1076.
