2299 2921
143 111 207 143 273

144 208 322 238 Ernesto,
345 205 533 242 Episcopo
556 201 874 238 Naumburgeusi:

187 249 257 278 Non
281 248 389 283 dubito,
412 247 490 283 quin,
513 249 545 272 ut
566 245 718 281 Princeps.
754 243 808 278 ΙΙΙ,
831 244 903 272 872.

188 292 296 320 Petivit
317 300 335 318 a
351 290 435 318 nobis
459 287 749 316 commendationem.
783 286 839 322 ΠΙ,
864 287 935 315 873.

145 333 368 372 Eslingensi
391 330 566 360 Senatui:

191 379 224 407 (ξ.
244 378 276 406 Q.
296 377 347 404 bitt
366 376 401 408 id)
423 383 489 412 gang
510 373 609 410 fleifiig.
630 373 684 402 fein
704 372 860 409 ungfinftig.
887 371 955 406 VII,
979 372 1049 400 973.

189 421 221 449 (ξ.
241 420 274 448 Q.
295 419 361 447 mnf
381 418 417 451 iet>
438 426 505 455 gang
529 416 630 452 fleissig.
660 414 728 449 VII,
749 415 819 443 850.

188 461 326 498 antemos(
345 469 397 490 non
416 469 506 497 twegen
530 459 622 493 uniret
645 460 719 487 usset.
755 456 823 492 VII,
844 456 915 485 626.

145 503 450 541 Eulenburgensi
473 501 621 537 (Ileburg)
643 500 813 529 Senatui:

188 548 251 579 atus
272 548 306 576 (ξ.
326 545 374 576 ΞΒ.
394 546 500 580 &curiit
521 544 588 579 habe
608 545 644 579 id)
664 550 844 573 bernonunen.
874 542 910 576 V,
931 541 999 570 217.

188 590 284 628 Beiget
303 591 383 623 Diefer
402 588 509 624 &thrift
531 586 631 616 manto.
661 585 714 621 VI,
735 586 806 614 699.

145 675 339 709 Fabricio,
363 673 550 702 Andreae:

189 718 364 755 Coniugium
386 717 529 744 humanae
552 714 658 741 divina.
685 712 740 748 IX,
766 714 834 742 163.

146 761 332 795 Fabricio,
357 758 536 795 Georgio:

189 803 370 832 Adolescens
393 799 637 836 Schoenbergius.
661 797 728 833 VII,
751 798 821 827 387.

189 845 379 875 Adolescenti
399 844 545 872 Olsnensi.
567 841 621 877 VI,
645 841 716 870 920.

189 889 385 917 Anacreontis
406 887 600 924 fragmentum
622 885 653 911 in
676 883 786 913 Gallia.
811 882 896 918 ΥΠΙ,
920 883 991 911 476.

189 929 263 960 Cum
287 940 324 959 ex
347 930 422 967 iugis
445 928 601 957 HarciniiS.
625 926 677 961 VI,
703 927 773 955 704.

188 973 263 1003 Cum
284 974 314 1002 in
332 973 404 1002 locis
427 981 485 1000 non
509 970 620 1009 procul.
643 968 712 1003 VII,
736 969 826 997 1143.

188 1016 336 1045 Delectati
357 1023 457 1044 sumus
479 1014 654 1042 narratione.
677 1010 763 1045 VIII,
788 1012 858 1040 419.

188 1059 360 1087 Delectatus
382 1068 444 1086 sum
470 1065 574 1084 errore.
598 1054 654 1087 IX,
678 1054 749 1082 448.

189 1102 325 1130 Delector
343 1106 371 1128 et
387 1109 486 1128 amore
508 1104 566 1126 tuo.
590 1096 675 1129 VIII,
700 1097 749 1125 48.

188 1145 257 1173 Duo
280 1148 347 1172 sunt
366 1143 471 1179 exigua
495 1140 612 1178 oppida.
636 1138 692 1173 IX,
716 1139 786 1167 559.

188 1187 241 1222 Ea,
265 1196 339 1224 quae
361 1186 390 1213 in
411 1185 496 1212 Latio
520 1183 588 1220 agit.
612 1182 696 1216 VIII,
720 1182 790 1210 878.

188 1230 252 1268 Ego
274 1229 405 1266 Lipsiam
429 1227 583 1265 profectus.
605 1224 690 1258 VIII,
716 1225 785 1253 748.

188 1273 228 1300 Et
250 1271 358 1301 Siclum
381 1271 430 1298 tibi
456 1270 529 1298 misi.
553 1267 637 1301 VIII,
664 1268 711 1296 73.

189 1315 253 1343 Etsi
275 1314 416 1342 habebam
440 1311 583 1348 exempla.
606 1309 676 1344 VH,
698 1310 768 1338 434.

190 1358 253 1385 Etsi
279 1357 379 1384 literas
401 1356 480 1393 ipsas
499 1359 525 1381 et
544 1354 630 1382 hunc.
654 1351 739 1386 VIII,
765 1352 835 1381 245.

189 1400 254 1428 Etsi
272 1399 401 1427 nondum
424 1406 541 1435 prorsus
565 1396 679 1424 abiicio.
704 1394 773 1429 VII,
796 1396 867 1423 987.

191 1443 255 1470 Etsi
277 1442 399 1479 optarim
423 1440 588 1478 pastoribus
611 1438 816 1467 Ecclesiarum.
846 1437 915 1473 VII,
940 1437 1008 1466 552.
1037 1437 1122 1474 VIII,

190 1527 254 1555 Etsi
275 1527 398 1555 reditum
419 1535 514 1553 meum
537 1525 573 1552 ad
597 1523 706 1552 Albim.
731 1523 782 1557 VI,
807 1523 877 1551 670.

190 1570 238 1598 Ex
261 1569 373 1606 collega
395 1572 495 1596 nostro
517 1567 639 1595 Maiore.
664 1565 747 1599 VIII,
773 1566 842 1594 276.

191 1613 306 1650 Exiguo
328 1611 480 1639 intervallo
504 1610 575 1637 haec
593 1609 682 1646 regio.
706 1608 790 1643 VIII,
816 1609 886 1637 239.

191 1656 297 1684 Exstat
320 1654 443 1691 epistola
462 1652 653 1680 Nazianzeni.
677 1650 744 1686 ΥΠ,
768 1652 839 1679 768.

191 1698 268 1726 Fero
291 1697 425 1734 equidem
448 1696 597 1724 mediocri.
621 1693 688 1729 ΥΠ,
711 1695 782 1723 449.

191 1740 293 1769 Frater
313 1745 389 1773 tuus,
412 1739 456 1766 vir
477 1739 615 1776 optimus,
635 1742 685 1765 tuo
706 1736 838 1765 consilio.
865 1736 948 1771 VIII,
973 1736 1041 1765 215.

192 1783 326 1811 Fratrem
348 1787 439 1817 tuum,
461 1781 654 1818 ingeniosum.
676 1780 745 1819 VH,
769 1780 840 1808 764.

193 1825 319 1854 Gratum
342 1825 412 1852 mihi
430 1824 499 1851 fecit
521 1828 620 1851 noster
642 1822 738 1860 Iopas.
764 1822 847 1856 VIII,
872 1823 944 1851 536.

192 1868 278 1896 Hanc
304 1867 455 1904 epistolam
478 1867 544 1894 dedi
565 1866 732 1894 convictori.
756 1865 824 1899 VII,
848 1866 919 1893 403.

194 1911 280 1938 Hanc
300 1909 453 1946 epistolam
477 1909 544 1936 dedi
567 1908 709 1945 Huperto.
733 1908 788 1943 IX,
812 1908 886 1936 588.

193 1953 260 1981 Hoc
282 1953 329 1981 die
351 1952 485 1980 videlicet
507 1951 552 1979 die
577 1951 625 1979 27.
649 1950 767 1979 Octobr.
788 1951 873 1986 VIII,
897 1951 968 1981 367.

192 1995 293 2024 Hodie
316 1995 345 2022 in
368 1994 483 2032 publica
506 1994 696 2021 enarratione.
715 1994 783 2027 VII,
804 1995 874 2023 682.

194 2038 229 2067 In
252 2038 450 2075 Argonautico
468 2037 562 2074 inquit
584 2036 695 2064 Triton.
718 2037 786 2075 VII,
811 2038 881 2066 386.

193 2081 228 2109 In
250 2080 417 2118 Epicharmi
440 2079 606 2117 Epitaphio.
630 2079 714 2114 VIII,
734 2080 804 2108 502.

194 2123 274 2152 Inter
293 2128 407 2151 caetera
429 2120 622 2150 Constantini.
654 2122 709 2156 IX,
732 2123 781 2151 88.

194 2166 347 2199 Laetabar,
371 2175 435 2193 cum
458 2175 614 2203 sperarem.
637 2164 721 2199 VIII,
747 2164 815 2193 892.

195 2209 333 2246 Magnum
357 2208 474 2236 omnino
497 2208 594 2236 decus.
618 2208 671 2242 VI,
694 2208 764 2236 644.

195 2251 255 2279 Mei
278 2260 346 2279 vero
369 2251 475 2278 silentii
500 2260 595 2279 causa.
617 2250 686 2284 VII,
713 2251 782 2279 143.

197 2294 354 2322 Meministi
377 2294 543 2322 Ennianum
566 2293 645 2321 illud.
669 2292 737 2327 VII,
762 2294 832 2321 979.

196 2336 354 2364 Meministi
376 2345 491 2364 versum
514 2336 719 2371 Homericum,
742 2336 791 2372 qui
814 2345 910 2374 saepe.
938 2335 1008 2371 VII,
1031 2336 1102 2366 600.

197 2379 269 2407 Mihi
292 2379 377 2406 crede
400 2380 556 2408 verissime.
581 2379 634 2414 VI,
655 2379 725 2407 723.

197 2422 265 2450 Misi
295 2422 331 2449 ad
358 2431 410 2450 vos
432 2422 646 2450 adolescentem
669 2421 931 2458 Mersburgensem.
959 2421 1029 2457 VII,
1054 2422 1124 2451 331.

198 2465 281 2492 Mitto
306 2464 457 2501 epistolam
481 2465 518 2493 ad
540 2471 585 2493 me
608 2465 746 2502 scriptam
769 2474 787 2491 a
809 2464 880 2492 viro.
901 2463 958 2499 IX,
979 2465 1048 2493 934.

198 2506 335 2540 Narrant,
356 2507 386 2534 in
408 2507 535 2536 Moravia
561 2508 711 2536 decidisse.
735 2507 820 2541 VIII,
841 2508 911 2537 759.

198 2548 294 2577 Nemo
315 2549 459 2586 aspiciens
482 2549 621 2579 Genesin.
643 2550 728 2585 VIII,
751 2551 821 2579 698.

360 2615 505 2635 MELANTH.
520 2617 600 2636 OPER.
622 2617 684 2637 vot..
698 2617 798 2636 xxvnl.

335 109 374 142 11.
403 106 589 140 INDICES.
634 106 676 139 H.
706 103 846 138 INDEX
867 103 1064 137 EPISTOL.
1087 101 1201 136 PHIL.
1223 102 1326 134 MEL.
1348 100 1690 135 ALPHABETICUS
1713 101 1799 134 PER
1822 101 1968 134 INITIA.

2087 103 2154 136 274

1219 198 1303 226 Nihil
1326 198 1416 234 fingo.
1461 198 1546 225 Adeo
1569 201 1677 225 amant.
1700 196 1753 230 VI,
1777 197 1849 226 950.

1219 240 1290 268 Non
1313 240 1432 268 dubium
1451 244 1504 275 est,
1524 244 1552 268 et
1575 248 1685 268 causas.
1708 239 1777 274 ΥΙΙ,
1805 239 1876 268 326.

1218 282 1289 312 Non
1310 283 1387 311 idem
1410 284 1486 312 valet
1505 283 1607 310 oratio.
1631 282 1684 317 VI,
1710 283 1781 311 848.

1217 326 1297 354 Pace
1319 326 1417 364 vigent
1439 326 1534 364 pietas
1557 330 1585 353 et
1602 326 1675 354 iura.
1698 324 1767 359 VII,
1792 325 1863 353 845.

1218 369 1397 397 Praesertim
1419 369 1454 403 si,
1477 372 1508 396 ut
1528 368 1599 396 fieri.
1624 367 1694 402 VII,
1720 368 1810 396 1049.

1217 410 1312 449 Saepe
1334 412 1393 440 iam
1416 411 1679 449 praeterfluentem.
1702 410 1755 445 VI,
1782 409 1852 438 223.

1217 452 1311 491 Saepe
1333 455 1423 482 recito
1445 453 1567 482 Homeri
1587 463 1709 482 versum.
1733 452 1819 487 VIII,
1842 454 1891 482 94.

1218 495 1296 531 Scio,
1319 496 1509 525 Laurentium
1533 497 1706 526 modestum.
1730 495 1814 530 VIII⁷
1839 496 1909 524 317.

1217 537 1294 574 Scio,
1318 549 1375 567 non
1399 548 1462 568 esse
1483 540 1574 568 irrita.
1598 539 1667 575 VII,
1691 539 1762 568 537.

1217 579 1285 610 Scio
1309 586 1336 610 te
1357 591 1444 619 saepe
1467 583 1643 619 cogitantem
1665 582 1702 610 de
1723 580 1890 618 fragilitate.
1911 579 1967 619 IX,
1988 579 2060 610 842.

1217 623 1281 653 Scis
1304 634 1363 652 non
1386 625 1487 661 procul
1506 635 1524 653 a
1546 624 1670 663 Cyrene.
1693 623 1778 659 VIII,
1803 623 1874 653 732.

1216 666 1249 696 Si
1271 667 1353 695 fratri
1375 671 1425 696 tuo
1448 668 1595 705 prodesse.
1619 667 1688 702 VII,
1714 668 1783 696 344.

1217 708 1249 738 Si
1267 711 1440 738 monstravit
1462 710 1524 739 tibi.
1550 711 1634 746 VIII,
1655 710 1725 740 306.

1217 751 1288 781 Sum
1307 752 1406 788 Pater,
1429 757 1458 780 et
1480 757 1512 781 ut
1534 763 1588 791 ego
1611 754 1754 782 existimo.
1777 751 1845 787 ΥΠ,
1873 751 1963 781 1005.

1217 794 1259 823 Ut
1282 795 1329 823 hic
1347 796 1467 824 veniens
1490 805 1584 824 annus
1606 812 1657 825 —-—.
1681 796 1760 824 Non.
1780 794 1848 830 ΥΠ,
1873 794 1943 823 704.

1216 837 1257 866 Ut
1279 838 1351 866 texit
1373 838 1455 866 Deus
1473 837 1635 867 Ecclesiam
1658 839 1688 866 in
1707 839 1853 876 Aegypto.
1875 835 1932 872 IX,
1957 837 2029 866 507.

1215 880 1374 909 Vobiscum
1397 891 1448 910 oro
1469 881 1560 910 filium
1584 898 1634 911 -—-.
1658 881 1727 910 Non
1748 881 1888 919 profecto.
1910 879 1995 915 VIII,
2020 880 2090 909 394.

1172 922 1364 958 Fabricio,
1387 923 1534 952 Ioanni:

1215 964 1338 993 Numeri
1356 970 1424 994 sunt
1447 966 1555 995 Graeci
1579 983 1628 994 νὴ.
1652 966 1786 995 Psalmus
1809 969 1915 995 autem.
1940 964 2025 1001 VIII,
2049 965 2121 995 476.

1172 1007 1310 1043 Fabro,
1334 1008 1515 1038 Martino:

1215 1050 1314 1078 Herus
1336 1055 1402 1080 tuus
1425 1052 1594 1080 honorifica.
1612 1052 1636 1086 Ι,
1661 1052 1732 1081 890.

1216 1092 1327 1121 Nescio
1347 1094 1462 1130 quando
1485 1095 1629 1122 acciderit.
1654 1094 1695 1129 ΙΙ,
1719 1093 1789 1123 622.

1216 1135 1287 1163 Non
1308 1137 1391 1173 prius
1414 1137 1486 1164 scivi
1507 1142 1535 1164 te
1557 1138 1587 1165 in
1609 1137 1722 1165 vallem.
1747 1136 1786 1171 II,
1811 1136 1882 1165 622.

1173 1177 1349 1211 Fachsio,
1372 1179 1576 1208 Ludovico:

1216 1221 1355 1258 Magnam
1379 1223 1443 1259 cepi
1468 1222 1654 1260 voluptatem.
1679 1222 1735 1257 III,
1758 1222 1848 1251 1133.

1174 1263 1374 1292 Feldkirch
1397 1265 1623 1301 (Velcurio),
1646 1264 1951 1293 Bartholomaeo:

1217 1306 1330 1335 Doctor
1352 1306 1546 1336 Leonhardus
1568 1309 1669 1336 Mertz.
1694 1308 1718 1343 Ι,
1743 1309 1814 1337 777.

1175 1349 1431 1386 Ferdinando,
1454 1350 1565 1388 Regi:

1218 1392 1377 1429 Postquam
1402 1393 1553 1422 Romanus
1576 1392 1720 1423 Pontifex.
1744 1393 1800 1427 III,
1825 1393 1896 1422 331.

1175 1434 1390 1470 Ferinario,
1414 1435 1566 1464 Iacobo:

1218 1477 1342 1506 Numeri
1364 1483 1432 1507 sunt
1451 1478 1559 1508 Graeci
1578 1496 1628 1509 —.
1654 1477 1728 1507 Cum
1746 1480 1844 1516 igitur.
1867 1478 1924 1514 IX,
1949 1478 2018 1508 664.

1176 1520 1388 1556 Ferinario,
1412 1521 1557 1550 Ioanni:

1219 1564 1349 1592 Maxime
1367 1565 1449 1593 decet
1471 1566 1571 1593 Musas
1592 1574 1706 1593 canere.
1731 1564 1787 1600 IX,
1811 1565 1881 1593 997.

1176 1605 1346 1642 Feselio,
1369 1606 1515 1636 Ioanni:

1218 1650 1364 1678 Existimo
1383 1651 1441 1678 iam
1465 1652 1502 1679 ad
1525 1659 1586 1679 vos.
1610 1650 1633 1685 Ι,
1660 1651 1750 1680 1110.

1218 1693 1366 1730 Exposuit
1388 1694 1459 1721 mihi
1481 1694 1519 1722 D.
1542 1693 1668 1722 Blasius.
1690 1692 1729 1729 II,
1755 1694 1826 1722 685.

1218 1735 1278 1764 Hic
1298 1736 1391 1764 bonus
1414 1737 1457 1764 vir
1478 1737 1535 1774 qui.
1558 1736 1581 1770 I,
1608 1737 1698 1765 1109.

1218 1777 1286 1807 Scio
1309 1785 1337 1806 te
1360 1780 1482 1807 libenter
1501 1780 1581 1807 bene.
1606 1779 1645 1814 II,
1670 1779 1740 1808 683.

1219 1821 1415 1859 Wolfgangus
1437 1822 1557 1851 Hoefler
1579 1822 1713 1850 libenter.
1736 1821 1759 1856 I,
1785 1822 1875 1850 1116.

1218 1864 1414 1902 Wolfgangus
1437 1871 1532 1894 vester
1553 1865 1640 1903 quod.
1664 1864 1704 1899 Π,
1732 1866 1779 1893 11.

1174 1906 1327 1943 Ficino,
1348 1907 1528 1945 Georgio:

1217 1949 1243 1978 O
1265 1960 1468 1980 aerumnosam
1493 1951 1665 1979 Ecclesiam.
1689 1949 1757 1985 VII,
1784 1950 1852 1978 187.

1175 1992 1355 2022 Fischero
1378 1994 1612 2031 (Piscatori),
1633 1992 1930 2030 christophoro:

1218 2036 1284 2065 Etsi
1306 2046 1431 2074 magnae
1454 2042 1482 2065 et
1504 2038 1609 2065 tristes.
1630 2036 1683 2070 VI,
1707 2035 1779 2065 405.

1220 2078 1321 2107 Gemit
1342 2084 1447 2107 natura
1466 2089 1571 2109 rerum.
1596 2078 1681 2113 VIII,
1706 2079 1776 2107 751.

1222 2121 1340 2151 Gratias
1363 2123 1446 2151 vobis
1468 2132 1533 2160 ago,
1557 2122 1635 2160 quod
1656 2122 1762 2149 levare.
1786 2120 1838 2153 VI,
1862 2122 1933 2150 450.

1221 2164 1308 2194 Hanc
1331 2166 1484 2203 epistolam
1507 2166 1573 2193 dedi
1597 2165 1659 2192 viro
1682 2165 1777 2192 docto.
1801 2163 1885 2199 VIII,
1909 2163 1980 2192 762.

1222 2207 1309 2236 Hanc
1332 2209 1485 2245 epistolam
1509 2208 1611 2245 scripsi
1635 2207 1682 2234 die
1705 2205 1840 2235 Octobris
1867 2207 1914 2236 16.
1940 2205 2025 2242 VIII,
2049 2205 2123 2234 873.

1222 2251 1257 2278 In
1280 2251 1326 2279 his
1348 2252 1462 2288 magnis
1481 2252 1611 2279 miseriis.
1636 2249 1690 2284 VI,
1714 2249 1785 2279 423.

1222 2293 1256 2321 In
1278 2294 1453 2322 Pomerania
1474 2294 1510 2322 de
1530 2293 1655 2331 publico.
1680 2291 1770 2325 VIII,
1789 2292 1861 2321 597.

1221 2337 1343 2365 Memini
1366 2337 1411 2365 his
1434 2337 1553 2373 triginta
1575 2336 1666 2364 annis.
1689 2334 1773 2369 VIII,
1799 2335 1870 2363 781.

1222 2380 1307 2407 Mitto
1330 2380 1382 2407 tibi
1400 2379 1488 2407 Eberi
1511 2378 1735 2416 propositiones,
1759 2377 1816 2412 IX,
1839 2377 1909 2406 984.

1222 2422 1354 2459 Optarim
1379 2432 1429 2450 vos
1452 2420 1674 2450 Consistorium.
1696 2419 1780 2455 VIII,
1805 2420 1875 2449 459.

1221 2464 1299 2500 Seio,
1322 2465 1375 2493 tibi
1397 2474 1455 2492 non
1478 2465 1586 2492 deesse.
1615 2463 1696 2498 VIII,
1721 2463 1792 2492 662.

1221 2507 1340 2536 Utinam
1359 2508 1406 2535 hic
1428 2507 1695 2544 quinquagesimus.
1720 2505 1788 2541 VII,
1808 2506 1879 2534 532.

1223 2550 1311 2579 Venit
1334 2551 1389 2578 huc
1412 2551 1448 2578 ad
1467 2550 1676 2578 Reverendum.
1701 2549 1754 2584 VI,
1781 2548 1850 2578 238.
