2299 2921
134 93 200 126 293

180 230 290 269 Scripsi
312 230 509 259 concionatori
532 227 722 265 Coburgensi.
745 227 786 263 Π,
810 227 881 257 645.

135 274 335 308 Kindlero,
356 273 535 301 Fabiano:

180 317 244 345 Etsi
266 317 363 344 Hesso
384 315 450 352 ipsi.
474 313 527 349 VI,
552 314 622 343 373.

136 359 319 396 Klitzing,
341 357 527 386 Liebhold
549 365 579 384 a:

181 403 254 431 &uer
273 401 417 437 OEbtenvest
437 400 480 435 αῑῇ
501 400 543 429 e'm
563 397 722 434 OEtfabtnet.
753 397 791 432 V,
812 397 886 437 ἱ768.

181 445 315 480 §taanenu
334 444 375 473 bie
394 442 590 472 ffierotbneten.
620 440 688 475 VII,
711 441 802 470 1045.

137 486 330 521 Knutelio,
354 485 571 514 Guilielmo:

180 530 392 558 Existimabam
414 529 464 556 uni
484 531 604 555 tantum.
628 525 682 560 VI,
707 525 776 554 131.

181 572 306 601 Gratum
327 572 398 600 mihi
419 571 497 598 fecit.
520 569 558 604 V,
585 569 652 597 117.

179 188 249 217 Non
270 192 314 217 est
336 188 418 216 vobis
440 188 566 224 ignotus.
588 185 645 220 III,
670 185 740 214 213.
1133 186 1140 338 ι

182 616 267 644 Mitto
292 615 374 644 vobis
395 614 530 642 themata.
556 611 604 646 VI,
631 611 701 640 181

181 658 273 686 Plura
295 658 347 686 tibi
368 657 404 685 de
426 658 580 684 conventu.
604 654 641 688 V,
665 653 735 682 152.

182 701 344 738 Postquam
368 699 479 727 exarsit
499 698 582 725 inter.
607 696 644 732 V,
668 696 736 725 120.

183 743 269 779 Quod
291 744 377 770 faust.
401 746 429 770 et
451 740 523 769 felix
545 739 591 775 sit,
613 739 745 767 venimus
764 738 908 767 Bonnam.
937 737 974 772 V,
1001 737 1069 766 100.

135 786 138 787 ⁷
182 785 246 814 Scis
270 790 421 822 unumque
445 784 543 812 divina
560 791 639 811 v.oce
662 781 730 816 VII,
755 782 826 810 843.

183 828 233 857 Sic
254 828 347 866 inquit
368 828 522 856 Irenaeus.
545 824 676 862 Semper.
699 823 769 859 VII,
794 824 844 853 75.

139 871 300 908 Koenig,
324 871 480 899 Adamo:

183 913 322 950 merrom
342 915 377 949 idi
397 913 438 942 nit
459 911 564 951 gmeifle.
589 909 659 945 VII,
683 909 773 938 1029.

139 956 255 985 Korte
274 965 296 984 s.
318 955 512 984 Kortheim
534 952 727 991 (Curtius),
750 951 964 979 Valentino:

183 1000 272 1036 Apud
294 998 447 1026 Platonem
470 996 638 1034 disputatio.
662 993 748 1028 VHl,
773 993 843 1022 268.

184 1041 242 1070 Dei
265 1041 407 1069 beneficio
429 1049 488 1068 vox
509 1039 539 1066 in
559 1037 709 1066 Ecclesiis.
733 1035 803 1070 VII,
828 1036 899 1065 756.

185 1083 281 1122 Saepe
304 1084 409 1121 cogito,
430 1081 527 1109 Deum
551 1080 718 1108 collocasse.
742 1057 827 1113 VIII,
854 1077 922 1107 121.

185 1127 292 1155 Utrum
316 1127 442 1154 editione
464 1123 628 1161 Augustani
651 1121 725 1149 libri.
747 1121 816 1155 VII,
840 1121 890 1149 75.

142 1169 330 1206 Krappio,
352 1168 599 1204 Hieronymo.

187 1212 234 1246 &cb
255 1212 323 1240 fanu
342 1210 416 1247 mobl
435 1211 534 1242 utinen.
558 1208 610 1243 VI,
635 1208 706 1235 601.
1140 1181 1146 1239 Ι

143 1254 334 1283 Kremnitz
358 1254 393 1280 in
413 1251 628 1289 Hungarhz,
651 1248 820 1278 Senatui:

188 1298 259 1326 OEuet
279 1296 365 1332 OEbrb.
384 1296 482 1332 mitten,
503 1295 555 1330 ῠαῇ
574 1293 699 1331 ρῠῐτῑὶῴε
718 1290 865 1328 andabeit.
889 1289 973 1326 VIII,
995 1290 1065 1320 162.

143 1339 304 1375 Krugio,
328 1338 420 1366 Nic.:

187 1382 282 1409 Valde
305 1381 428 1418 optarim
451 1384 479 1407 te
502 1380 595 1407 unius.
618 1377 659 1413 X,
685 1379 731 1406 14.

143 1424 344 1457 Kunhcim,
368 1422 535 1450 Erhardo
559 1432 590 1449 a:

187 1467 261 1495 Cum
285 1466 420 1493 haberem
441 1469 559 1493 certum.
582 1463 651 1498 VII,
679 1463 767 1492 1075.

187 1508 281 1547 Saepe
305 1508 401 1545 cogito
424 1508 508 1536 hanc.
534 1506 604 1542 VII,
631 1506 721 1534 1047.

143 1594 392 1627 Lachmanno,
416 1592 481 1621 Io.:

186 1637 251 1665 Etsi
273 1636 396 1664 scribam
419 1635 471 1662 tibi
493 1635 579 1662 hunc.
612 1633 654 1669 ΙΙ,
678 1633 748 1661 871.

186 1679 256 1708 Non
281 1679 385 1715 scripsi
407 1678 444 1705 ad
465 1682 494 1705 te
516 1677 666 1705 hactenus.
697 1675 738 1710 ΙΙ,
761 1675 810 1705 82.

144 1721 327 1759 Langero,
350 1721 495 1749 Ioanni:

188 1765 262 1793 Cum
284 1764 413 1792 nesciam
434 1764 537 1800 quibus
560 1763 589 1790 in
611 1761 744 1789 Francia.
779 1761 819 1796 ΙΙ,
843 1761 913 1789 643.

188 1807 306 1835 Usitata
327 1810 395 1834 sunt
417 1806 558 1834 ccclesiae
581 1805 678 1833 exilia.
718 1804 772 1839 VI,
796 1805 866 1833 703.
900 1803 940 1839 Χ,
964 1804 1033 1833 170.

145 1849 271 1886 Lango
295 1848 481 1885 (Langio),
504 1848 654 1877 Ioanni:

189 1892 392 1920 Animadverti
416 1892 561 1919 civitatem
582 1894 716 1917 vestram.
748 1890 786 1924 V,
811 1890 882 1919 565.

189 1935 269 1963 Bene.
293 1938 321 1961 et
343 1934 492 1970 praeclare
515 1933 656 1961 meritum.
690 1933 744 1967 IV,
767 1933 838 1962 852

189 1977 352 2006 Consilium
375 1977 411 2004 de
429 1976 581 2005 scribenda
602 1976 639 2003 ad
661 1975 866 2013 germanicam
900 1974 1018 2011 1,210.

189 2020 236 2048 Dc
258 2029 348 2057 puero
371 2019 456 2047 valde
477 2019 621 2056 improbo.
655 2018 680 2053 Ι,
703 2019 773 2047 461.

189 2061 247 2091 Dei
269 2062 410 2090 beneficio
434 2062 551 2100 collegit
572 2062 686 2090 iterum.
719 2061 776 2096 ΠΙ,
795 2061 866 2091 325.

189 2105 247 2134 Dei
268 2105 407 2133 beneficio
430 2110 507 2133 recte
528 2106 596 2133 iam.
628 2104 651 2139 I,
676 2104 747 2133 801.

190 2148 255 2176 Etsi
276 2157 382 2186 magno
404 2158 468 2176 cum
491 2148 600 2176 dolore.
629 2147 670 2181 X,
696 2148 743 2176 15.

190 2191 255 2218 Etsi
277 2200 330 2218 nec
353 2200 435 2228 spem
457 2201 510 2227 par,-
497 2191 545 2218 c.is
579 2189 632 2223 VI,
656 2190 727 2218 205.

191 2232 325 2261 Gratiam
348 2234 401 2261 tibi
422 2234 525 2268 habeo,
549 2233 626 2269 quod
648 2231 829 2269 significasti.
861 2231 899 2266 V,
924 2231 995 2260 516.

193 2274 311 2304 Gratias
334 2285 389 2313 ago
412 2276 478 2304 Deo
500 2280 617 2304 aeterno
638 2292 675 2296 —
680 2273 814 2303 ..Credo
848 2274 902 2309 IV,
927 2273 997 2303 909.

191 2318 277 2346 Hanc
298 2318 351 2346 tibi
373 2319 525 2356 epistolam
547 2319 649 2347 reddet
670 2297 845 2346 Ludovicus.
880 2317 918 2352 V,
945 2317 1016 2346 846.

192 2361 279 2389 Hanc
300 2361 353 2388 tibi
375 2362 477 2390 reddet
498 2362 649 2400 epistolam
672 2360 827 2389 Iohannes.
856 2359 896 2396 X,
922 2360 971 2389 14.

191 2403 250 2431 Hic
271 2403 365 2432 bonus
386 2405 430 2432 vir
452 2405 607 2443 pollicitus.
640 2404 665 2439 Ι,
690 2404 761 2432 885.

192 2446 227 2474 In
249 2446 340 2474 literis
361 2447 427 2482 tuis,
450 2448 480 2475 ni
502 2447 595 2476 fallor.
630 2447 654 2481 I,
676 2447 744 2475 394.

192 2488 266 2526 Legi
287 2491 445 2518 sententias
468 2491 503 2518 de
522 2490 716 2518 clandestinis.
749 2488 786 2522 V,
812 2488 882 2517 789

192 2531 259 2559 Nae
278 2540 332 2568 ego
356 2533 473 2561 odiosus
497 2538 633 2561 cessator.
668 2532 692 2566 Ι,
715 2531 783 2560 162.

329 92 366 123 ΙΙ.
397 91 585 124 INDICES.
630 89 669 122 H.
692 89 832 121 INDEX
855 87 1049 121 EPISTOL.
1072 85 1186 121 PHIL.
1208 84 1312 118 MEL.
1332 85 1671 119 ALPHABETICUS
1693 86 1779 119 PER
1801 87 1943 120 INITIA.

2073 89 2140 121 294

1205 180 1274 209 Nisi
1295 180 1430 209 omnibus
1452 181 1569 210 viribus.
1603 181 1641 216 V,
1666 182 1738 212 518.

1205 223 1296 251 Petro
1316 223 1488 259 Mosellano,
1512 224 1668 252 communi.
1697 224 1722 259 Ι,
1749 225 1818 254 105.

1206 265 1359 295 Profectus
1383 269 1428 294 est
1449 266 1626 295 Erfordiam.
1656 266 1694 302 V,
1722 267 1790 296 161.

1206 308 1299 337 Recte
1320 309 1510 346 reprehendis
1528 319 1582 338 me.
1606 309 1661 345 ΠΙ,
1687 309 1757 339 602.

1207 349 1302 389 Saepe
1324 351 1517 380 animadverti
1538 353 1645 381 valere.
1679 352 1717 387 V,
1741 352 1814 382 543.

1207 392 1303 432 Saepe
1325 395 1406 422 venit
1428 394 1499 423 mihi
1521 395 1552 423 in
1573 401 1706 424 mentem.
1736 394 1791 431 VI,
1814 395 1886 424 557.

1207 434 1239 464 Si
1261 445 1321 465 non
1342 446 1507 473 possumus.
1540 437 1577 474 V,
1602 439 1651 468 67.

1208 478 1258 507 Sic
1280 479 1373 516 iuquit
1396 479 1611 510 Nazianzenus.
1644 481 1697 516 VI,
1719 481 1790 510 538.

1207 521 1423 559 Typographus
1445 523 1624 552 Basileensis
1648 522 1804 560 Oporiuus.
1833 522 1871 558 V,
1895 523 1944 552 45.

1208 563 1326 592 Usitata
1347 569 1415 592 sunt
1437 566 1565 594 omnium
1588 571 1760 603 temporum.
1796 565 1850 601 VI,
1874 566 1945 595 555.

1209 607 1322 635 Vereor
1342 611 1375 634 ut
1396 608 1505 644 possim
1528 613 1566 636 te.
1600 609 1625 645 I,
1649 609 1740 638 1034.

1209 649 1317 677 Videar
1341 657 1406 677 cum
1427 650 1487 678 tibi.
1519 650 1542 686 Ι,
1567 652 1616 681 76.

1166 691 1381 728 Langueto,
1404 691 1594 722 Huberto:

1210 735 1297 762 Dixit
1319 734 1437 771 quidam
1461 745 1498 763 ex
1520 737 1673 766 veteribus.
1708 735 1792 771 VIII,
1818 737 1889 766 798.

1210 777 1275 805 Etsi
1297 782 1363 805 sunt
1384 778 1529 806 interdum
1552 779 1704 818 Physicae.
1736 779 1805 814 VII,
1828 779 1919 808 1058.

1210 819 1290 847 Inter
1311 823 1408 848 tantas
1429 822 1544 857 generis
1567 823 1687 851 humani
1708 822 1901 850 confusiones.
1934 819 1992 857 IX,
2012 821 2083 850 284.

1212 862 1310 890 Meum
1332 863 1388 890 iter
1408 863 1501 892 aulae.
1535 863 1591 900 IX,
1617 866 1686 895 145.

1212 903 1299 940 Quod
1321 904 1655 946 benevolentiamverga.
1688 906 1744 943 IX,
1771 908 1840 937 121.

1168 947 1306 983 Lasco,
1328 947 1465 976 Ioanni
1490 959 1522 977 a:

1212 989 1287 1018 Cum
1309 994 1338 1017 te
1360 995 1479 1028 propter
1499 993 1703 1021 excellentem.
1732 992 1772 1027 Π,
1797 993 1868 1022 838.

1211 1032 1336 1070 Scripsit
1357 1034 1434 1068 apud
1457 1043 1510 1062 nos
1533 1036 1705 1064 orationem.
1740 1034 1809 1070 VH,
1830 1035 1901 1064 833.

1169 1076 1302 1109 Lasio,
1326 1073 1623 1113 christophoro:

1213 1118 1277 1146 Etsi
1301 1118 1330 1144 in
1353 1117 1408 1145 hac
1431 1120 1554 1148 mortali.
1587 1120 1640 1154 VI.
1666 1120 1737 1149 397.

1170 1160 1571 1193 Laurentio.10anni:

1214 1204 1385 1232 Delectatus
1408 1212 1473 1231 sum
1494 1210 1522 1232 et
1544 1206 1720 1234 testimonio.

1754 1203 1810 1240 rx,
1834 1204 1905 1234 839.

1171 1245 1467 1281 Lauterbachio,
1491 1248 1675 1276 Antonio:

1215 1292 1282 1327 Ago
1304 1288 1356 1315 tibi
1378 1290 1489 1325 gratias
1512 1294 1542 1318 et
1562 1291 1718 1319 honestiss.
1742 1290 1868 1328 coniugi.
1902 1289 1939 1326 V,
1964 1290 2037 1321 869.

1215 1331 1377 1362 Consilium
1401 1336 1527 1360 vestrum
1551 1334 1587 1361 de
1611 1334 1772 1361 vocatione.
1808 1333 1878 1369 VII,
1905 1334 1975 1363 350.

1216 1376 1360 1405 Crescunt
1383 1375 1477 1410 nobis,
1501 1380 1532 1403 ut
1556 1376 1645 1404 vides.
1680 1376 1732 1411 VI,
1758 1376 1830 1406 253.

1217 1418 1291 1447 Cum
1313 1419 1414 1445 literae
1438 1419 1517 1446 mibi.
1551 1417 1604 1454 IV,
1627 1420 1697 1448 806.

1217 1461 1273 1490 Dei
1297 1461 1392 1489 benef.
1415 1462 1524 1490 reversi
1545 1471 1655 1490 sumus.
1691 1461 1775 1497 VIII,
1801 1463 1848 1491 19.

1218 1505 1256 1533 Et
1278 1505 1315 1532 de
1337 1504 1412 1531 bello
1436 1509 1463 1532 et
1485 1505 1529 1532 de.
1565 1504 1618 1539 VI,
1639 1505 1709 1534 187.

1217 1547 1256 1575 Et
1279 1547 1369 1575 dilexi
1392 1555 1429 1574 ex
1453 1548 1560 1576 animo.
1595 1547 1632 1582 V,
1657 1547 1727 1576 528.

1218 1590 1283 1619 Etsi
1307 1589 1410 1627 cymba
1432 1590 1484 1618 filii
1503 1589 1572 1620 Dei.
1606 1589 1674 1625 VII,
1699 1590 1771 1618 337.

1218 1634 1283 1661 Etsi
1307 1638 1335 1660 et
1358 1633 1466 1660 morbis
1489 1637 1517 1660 et
1540 1632 1615 1661 aliis.
1649 1631 1719 1668 VII,
1742 1632 1813 1661 439.

1218 1677 1282 1704 Etsi
1304 1676 1471 1712 impendent
1494 1676 1562 1704 novi
1585 1676 1735 1705 tumultus,
1770 1674 1838 1711 VII,
1862 1675 1933 1705 851.

1216 1719 1281 1748 Etsi
1305 1719 1426 1755 imperia
1448 1718 1562 1746 mutari.
1596 1718 1650 1753 VI,
1675 1719 1746 1747 740.

1217 1762 1281 1790 Etsi
1304 1771 1424 1798 magnas
1448 1761 1641 1790 difficultates.
1672 1761 1743 1796 VII,
1767 1761 1838 1790 469.

1217 1805 1281 1833 Etsi
1306 1805 1403 1832 malim
1427 1804 1462 1832 de
1486 1814 1558 1832 nica.
1594 1804 1631 1839 V,
1656 1801 1727 1832 527.¹

1218 1848 1311 1875 Filius
1334 1848 1389 1881 dei.
1412 1847 1548 1874 dominus
1570 1864 1620 1874 —.
1647 1847 1748 1874 Iudico
1767 1850 1874 1874 autem.
1907 1845 1976 1882 VII,
2002 1845 2072 1876 645.

1220 1889 1313 1918 Grata
1331 1895 1375 1918 est
1398 1890 1469 1918 mihi
1492 1890 1657 1918 assiduitas.
1693 1889 1746 1924 VI,
1772 1890 1842 1918 859.

1220 1932 1352 1961 Gratiam
1377 1933 1428 1960 tibi
1452 1933 1545 1960 habeo
1568 1942 1591 1960 c.
1614 1933 1650 1960 A.
1676 1941 1727 1968 pro
1751 1932 1849 1960 misso.
1883 1931 1922 1967 V,
1943 1932 2014 1961 517.

1218 1975 1351 2004 Gratiam
1375 1976 1427 2003 tibi
1449 1976 1553 2010 habeo,
1576 1976 1652 2012 quod
1675 1975 1710 2002 de
1732 1979 1817 2002 statu.
1852 1975 1889 2010 V,
1909 1975 1959 2004 80.

1219 2017 1353 2046 Gratiam
1376 2018 1428 2046 tibi
1450 2018 1554 2049 habeo,
1579 2018 1656 2054 quod
1679 2022 1706 2045 et
1728 2017 1882 2046 desiderio.
1917 2018 1954 2052 V,
1980 2018 2051 2048 875.

1219 2059 1338 2090 Gratias
1360 2061 1413 2088 tibi
1435 2070 1491 2098 ago
1514 2071 1567 2098 pro
1591 2061 1694 2097 pomis.
1730 2060 1782 2094 VI,
1805 2060 1876 2090 251.

1219 2103 1343 2132 Gratum
1368 2104 1439 2131 mihi
1463 2110 1515 2139 est,
1539 2104 1625 2141 quod.
1660 2102 1714 2138 III,
1739 2103 1810 2132 837.

1217 2146 1322 2175 Habeo
1340 2147 1393 2174 tibi
1415 2147 1549 2184 gratiam,
1571 2147 1688 2183 optime.
1721 2144 1774 2180 IV,
1800 2146 1871 2175 913.

1217 2189 1383 2218 Honestiss.
1404 2194 1577 2223 matronam,
1600 2193 1679 2216 tuam
1698 2188 1860 2226 coniugem.
1893 2189 1961 2225 VH,
1986 2189 2057 2219 599.

1218 2232 1253 2260 In
1276 2233 1397 2260 historia
1420 2232 1517 2260 Iacob.
1547 2231 1616 2266 VII,
1637 2232 1707 2260 446.

1218 2275 1253 2302 In
1276 2275 1332 2303 hoc
1355 2279 1464 2303 nostro.
1494 2274 1547 2309 VI,
1572 2274 1621 2303 92.

1218 2317 1355 2346 Libenter
1378 2318 1477 2345 darem
1499 2317 1597 2344 literas
1618 2315 1723 2344 Lucae.
1757 2315 1825 2351 VII,
1852 2317 1919 2346 153.

1217 2360 1333 2389 Literas
1350 2364 1415 2388 tuas
1437 2360 1465 2387 e't
1486 2368 1599 2387 munus.
1630 2359 1667 2394 V,
1693 2357 1763 2388 182.

1218 2403 1355 2431 Narratio
1378 2403 1413 2430 dc
1436 2401 1512 2430 Sene
1536 2401 1676 2438 Georgio.
1708 2401 1761 2436 VI,
1785 2399 1855 2431 825.

1218 2445 1283 2474 Nee
1303 2454 1358 2482 ego
1382 2445 1482 2472 ullam.
1517 2445 1553 2480 V,
1575 2446 1645 2473 678.
1744 2438 1748 2443 ¹

1219 2488 1284 2516 Nos
1305 2489 1336 2515 in
1359 2488 1549 2516 examinibus.
1584 2487 1640 2522 ΙΙΙ,
1666 2487 1736 2516 847.

1221 2530 1356 2568 Pagellas
1379 2531 1471 2564 mitto,
1495 2535 1524 2558 ct
1546 2530 1670 2558 narravi.
1704 2528 1773 2564 VII,
1797 2530 1868 2559 693.

1906 2588 1943 2613 Τ.
