2299 2921
166 101 231 134 30⁷
500 102 503 105 “
816 102 1003 135 PHILIPPI
1025 101 1346 136 MELANTHONIS
1371 102 1532 136 OPERA.
2119 107 2184 140 308

210 195 367 233 Silentium
390 207 487 226 meum
510 202 569 227 tam
593 199 771 229 diuturnum.
796 198 822 234 I,
848 199 938 229 1094.
1203 198 1370 235 Miseno,
1392 199 1580 228 Andreae:

210 240 292 269 Tuas
314 241 414 269 literas
437 242 548 278 accepi,
570 251 605 270 ac
628 251 708 271 sane.
732 241 771 277 ΙΙ,
797 241 867 271 872.
1246 240 1318 270 Sum
1336 247 1420 279 pater
1444 247 1473 270 et
1493 252 1561 272 non.
1585 241 1643 279 IX,
1670 243 1717 273 18.

210 282 307 312 Valde
330 287 462 320 optarem
481 284 641 313 Ecclesias.
667 284 753 320 VIII,
777 285 849 318 485.
1203 285 1321 314 Mitho
1332 286 1406 321 bio,
1429 285 1662 314 Burchardo:

167 334 346 363 Metzlero
385 334 542 363 Ioanni:
1246 327 1322 357 cum
1342 329 1479 357 VRIICIBIa
1499 333 1557 357 tua.
1581 327 1649 363 VII⁷
1677 329 1768 359 1008·

211 376 298 413 Quod
321 356 408 406 failst·
430 377 533 415 felixq·
557 377 604 414 git,
629 378 829 415 proficiscitur.
853 377 1018 415 IV’1024
1245 371 1305 400 Dei
1328 371 1480 407 bflssGfiCiO,
1502 371 1579 399 filius
1601 375 1681 400 I'CCtO
1699 372 1790 405 valet,
1809 375 1839 400 et·
1859 372 1936 400 anni·
1960 372 2045 409 VIII,
2070 373 2143 404 730.

1246 413 1352 442 Esaias
1373 414 1478 452 inquit,
1500 414 1638 451 Reginae.
1661 413 1719 449 ΙΙΙ,
1744 414 1815 444 629.

1244 456 1285 485 Et
1305 457 1430 494 optarim
1453 461 1482 485 te
1503 457 1559 485 hac
1580 458 1644 485 iter.
1667 457 1721 492 IV,
1746 458 1819 487 679.

1246 499 1285 527 Et
1306 504 1446 538 properat
1467 500 1644 529 tabellarius
1668 500 1722 535 IV,
1746 501 1817 530 707.

1246 542 1312 570 Etsi
1334 543 1412 571 edita
1434 547 1503 571 sunt
1525 543 1669 580 exempla.
1692 543 1748 579 IX,
1772 544 1843 572 915.

1246 584 1341 613 Filius
1362 580 1509 615 tuus'Dei
1531 586 1673 614 beneficio
1696 590 1776 614 recte
1798 585 1885 615 valet.
1911 584 1980 622 VII,
2005 585 2078 617 654.

165 436 344 485 Micyllo‚
367 435 518 466 Iacobo:

208 477 284 507 Cum
304 479 335 508 in
359 479 497 508 secundis
519 480 588 508 tuis.
614 479 638 515 I,
665 480 756 510 1018.

208 519 284 550 Cum
306 521 494 559 polliceretur
515 522 670 561 Princeps.
695 524 719 559 I,
741 524 813 554 782.

207 563 274 593 Etsi
291 565 422 593 nondum
444 565 492 594 hic
515 566 683 594 inchoatae.
706 545 760 602 IV,
782 566 872 597 1068.

207 606 363 645 ¹¹²²Pre⁵³⁵ut
385 607 469 636 Deus
492 608 630 638 humanm
654 608 711 643 IX
737 609 807 640 295·
1246 626 1382 656 Gratiam
1403 628 1496 656 habeo
1519 633 1546 656 et
1563 628 1608 657 111.
1633 628 1671 656 D.
1693 629 1743 658 Pr.
1762 628 1815 663 lv.
1841 629 1912 658 658.

165 666 359 702 Milichio,
381 666 535 697 Iacobo:
1246 669 1335 699 Hanc
1359 671 1512 708 epistolam
1535 672 1602 699 dedi
1624 672 1774 709 Magistro.
1797 671 1851 707 IV,
1876 672 1948 702 847.

208 709 376 746 Aliquoties
397 710 457 738 iam
481 711 595 748 petivit.
619 711 689 745 VII,
714 712 786 741 344.
1244 713 1447 743 Illustrissimo
1469 714 1600 752 Principi
1623 715 1702 751 agito
1724 715 1843 752 gratias,
1874 713 1931 750 IX,
1958 715 2026 745 173.

208 752 384 781 Ambrosius
406 754 533 782 reddidit
558 754 638 783 mihi.
661 754 699 789 V,
700 755 771 826 498.
1245 755 1281 784 111
1304 761 1385 785 tanto
1409 766 1552 785 concursu
1575 758 1808 794 occupationum.
1834 757 1903 793 VII,
1928 758 1998 787 513.

208 796 289 824 Ante
310 805 407 823 meum
428 797 596 826 adventum.
618 796 675 832 ΙΙΙ,
1244 799 1319 836 Legi
1342 799 1466 827 edictum
1490 800 1567 837 quod
1590 799 1636 827 Ill.
1659 798 1798 829 Domina.
1822 799 1879 835 HI,
1902 800 1993 830 1109.

208 837 323 866 Bromii
345 844 520 876 conspectus
543 840 623 868 mihi.
647 798 819 875 III,41063.
1244 842 1400 871 Mediocris
1423 842 1530 870 levatio
1554 847 1597 870 est
1620 842 1762 871 dolorum.
1785 842 1856 878 VII,
1880 842 1953 872 296.

208 878 367 909 constituo
390 880 457 910 Deo
479 882 606 917 volente,
630 887 707 920 post.
732 882 788 920 III,
811 884 860 914 44.

208 921 284 952 Cum
306 923 372 952 aliis
394 925 431 952 de
454 925 559 954 causis.
584 924 637 961 VI,
662 926 734 955 389.

208 965 284 995 Cum
306 966 364 994 huc
387 968 515 996 venisset
536 968 617 996 Dux.
639 968 725 1004 VIII,
751 970 820 1000 137.

207 1008 284 1038 Cum
302 1009 460 1047 integritas
479 1011 561 1039 mihi
584 1010 637 1046 VI,
663 1012 734 1041 321

207 1051 256 1080 De
278 1052 446 1081 domesticis
468 1054 565 1082 rebus.
588 1053 646 1089 ΙΠ,
670 1054 742 1084 295.

207 1094 267 1123 Dei
289 1095 431 1124 beneficio
453 1095 609 1125 Francofoe
601 1076 695 1125 vdiam
718 1097 853 1135 ingressi.
876 1097 932 1134 IX,
956 1097 1029 1128 243.

207 1136 266 1166 Dei
289 1137 432 1167 beneficio
455 1148 542 1176 spero
564 1140 649 1168 hanc.
673 1139 730 1172 ΠΙ,
753 1141 825 1170 982.

208 1178 266 1208 Dei
289 1180 431 1210 beneficio
454 1185 505 1210 tua
526 1182 648 1212 familia.
673 1181 741 1216 VH.
766 1184 838 1213 825.
1170 1171 1176 1244 Ι

208 1223 322 1251 Eadem
345 1223 431 1260 hora,
455 1234 512 1261 qua
535 1229 609 1255 tuas
636 1224 690 1261 VI,
711 1226 783 1255 643.

207 1264 247 1294 Et
268 1266 434 1304 lacrymans
456 1267 519 1295 heri
540 1267 657 1296 isthinc.
680 1267 734 1303 VI,
759 1269 829 1298 307.

207 1308 246 1336 Et
267 1308 368 1337 literas
388 1314 453 1338 tuas
475 1310 575 1347 accepi
598 1311 730 1339 traditas.
752 1310 805 1346 VI,
830 1310 900 1340 324.

206 1350 332 1379 Etiamsi
355 1352 435 1380 varie
459 1362 637 1382 exercemur.
663 1352 716 1386 VI,
742 1354 813 1383 617.

207 1393 313 1422 Frater
335 1398 402 1423 tuus
425 1404 472 1423 me
494 1395 641 1424 salutavit.
662 1395 718 1432 ΠΙ,
743 1396 814 1426 686.

208 1434 343 1465 Gratiam
367 1437 420 1466 tibi
439 1438 544 1474 habeo,
569 1440 648 1476 quod
671 1440 707 1467 ad
730 1449 776 1468 me
798 1440 949 1477 scripsisti.
974 1439 1027 1475 VI,
1051 1440 1123 1470 536.

207 1478 342 1508 Gratiam
365 1480 418 1509 tibi
441 1481 545 1517 habeo,
568 1483 647 1519 qnod
668 1483 799 1511 remedia
823 1483 969 1522 apparari.
993 1461 1047 1519 V'I,
1072 1483 1145 1513 335.

206 1521 281 1550 Heri
303 1523 421 1552 rediens
443 1534 510 1552 mea
533 1526 649 1553 coniux.
673 1525 725 1562 VI,
748 1526 820 1556 344.

205 1563 270 1593 Iam
292 1566 322 1593 in
345 1566 473 1604 hospitio
497 1577 571 1596 meo.
595 1568 649 1604 VI,
673 1549 744 1598 313.
1199 1569 1389 1605 Moibano,
1410 1570 1628 1598 Ambrosio:

207 1607 243 1636 In
265 1608 369 1636 itinere
387 1619 453 1638 meo
471 1620 540 1639 non.
566 1611 603 1644 V,
629 1612 699 1641 104.
1172 1628 1174 1633 v
1242 1613 1376 1650 Accipio,
1401 1617 1430 1640 te
1452 1622 1585 1641 uxorem.
1609 1612 1633 1647 I,
1658 1612 1730 1642 809.

206 1650 281 1688 Legi
303 1645 452 1691 πρότασιν
475 1658 646 1682 conventus.
670 1653 723 1690 VI,
748 1655 819 1684 680.
1168 1635 1175 1820 ¹
1242 1654 1338 1685 Credo
1361 1655 1494 1692 equidem
1518 1659 1556 1683 te.
1580 1655 1636 1690 ΙΠ,
1663 1655 1753 1684 1259.

1243 885 1316 914 Non
1338 894 1403 914 sum
1427 884 1554 921 Stoicus,
1579 889 1608 913 et
1628 885 1787 922 aliquanto.
1810 885 1865 921 VI,
1889 885 1961 914 625.

1243 927 1368 957 Nullum
1391 928 1523 965 profecto
1546 928 1650 958 maius,
1674 928 1744 963 VII,
1769 928 1839 958 126.

1243 971 1361 999 Paucos
1383 971 1446 1000 dics
1468 971 1516 999 hic
1538 975 1742 999 commoratus.
1766 970 1821 1007 VI,
1843 972 1912 1001 131.

1243 1013 1371 1042 Reddita
1393 1018 1437 1042 est
1460 1014 1531 1042 mihi
1553 1014 1704 1042 recentiss.
1729 1014 1861 1052 epistola.
1886 1013 1955 1050 VII,
1980 1014 2051 1044 608.

1243 1056 1373 1094 Rogavit
1394 1066 1440 1084 me
1463 1057 1510 1084 hic
1532 1061 1641 1085 noster.
1664 1056 1720 1092 III,
1745 1057 1816 1086 950.

1242 1098 1338 1137 Saepe
1360 1099 1450 1127 recito
1473 1109 1587 1127 versum
1609 1099 1818 1129 dulcissimum.
1843 1098 1912 1135 VH,
1937 1099 2008 1129 848.

1242 1141 1346 1171 Subito
1369 1141 1513 1179 flagitavit
1534 1142 1643 1171 literas.
1668 1141 1725 1178 IX,
1751 1143 1822 1172 844.

1242 1184 1284 1213 Ut
1306 1185 1450 1213 laetantur
1472 1186 1530 1221 qui.
1553 1185 1621 1219 VII,
1645 1186 1718 1215 535.

1241 1226 1363 1255 Utinam
1387 1227 1508 1255 salutari
1530 1228 1729 1256 admonitioni.
1753 1226 1824 1264 VII,
1846 1227 1936 1256 1033.

1243 1269 1338 1297 Valde
1360 1269 1488 1298 delector
1510 1269 1722 1299 benevolentia.
1746 1269 1802 1305 III,
1829 1270 1920 1299 1080.

1200 1312 1298 1347 Miti,
1320 1312 1495 1341 Thomae:

1243 1355 1282 1383 Et
1303 1356 1392 1383 insita
1413 1355 1559 1383 divinitus.
1583 1353 1668 1390 VHI,
1692 1355 1763 1385 726.

1199 1398 1474 1426 Mittweidensi
1497 1397 1666 1426 Senatui:

1242 1441 1290 1477 3⁶¹?
1304 1443 1366 1478 fuge
1384 1442 1444 1476 eucb
1464 1450 1495 1479 gu
1513 1442 1615 1478 missen.
1634 1440 1736 1478 011ῦίεὴ
1748 1440 1787 1469 M.
1802 1439 1991 1474 ῧταηείῧειιηι.
2010 1439 2068 1477 ΙΠ,
2085 1440 2177 1471 1033.

1198 1484 1347 1519 Μο111·ο,
1371 1483 1554 1521 Georgio:

1242 1526 1316 1555 Cum
1336 1526 1461 1565 epistola
1482 1531 1541 1556 tua.
1566 1527 1605 1562 V,
1628 1527 1700 1557 773.

207 1694 280 1722 Mox
303 1695 508 1724 remittendum
532 1696 603 1725 duxi
626 1697 820 1726 tabellarium.
844 1696 898 1734 VI,
922 1697 994 1728 681.
1242 1698 1317 1728 Cum
1339 1699 1501 1736 acciperem
1522 1698 1622 1726 literas
1644 1702 1717 1726 tuas.
1740 1696 1767 1733 Ι,
1791 1696 1862 1726 812.

207 1737 300 1765 Multa
322 1743 390 1765 sunt
412 1739 563 1776 impressa.
588 1739 657 1776 VII,
684 1742 776 1771 1157.
1242 1742 1281 1770 Et
1303 1750 1351 1770 res
1373 1741 1502 1769 literaria
1525 1744 1554 1768 et
1576 1745 1680 1769 vestra.
1703 1739 1759 1775 III,
1784 1740 1855 1770 632.

206 1780 310 1808 Multis
331 1781 367 1808 de
389 1782 487 1810 causis
509 1791 627 1819 magno.
652 1782 706 1819 VI,
725 1784 797 1812 435.
1241 1784 1353 1813 Euntes
1374 1784 1457 1812 ibant
1480 1788 1508 1811 et
1531 1783 1650 1812 flebant.
1673 1783 1728 1818 VI,
1754 1783 1824 1812 252.

205 1822 272 1851 Nec
295 1821 387 1852 Stoici
410 1833 510 1853 sumus
532 1834 587 1853 nec
610 1827 758 1863 Epicurei.
777 1825 830 1862 VI,
855 1826 926 1856 550.
1169 1821 1173 1831 ⁸
1241 1827 1301 1855 Hic
1324 1827 1493 1855 tabellarius
1516 1836 1595 1856 sane.
1620 1826 1675 1861 IV,
1700 1827 1771 1855 851.

206 1864 278 1894 Non
302 1866 403 1895 dubito
425 1868 494 1904 quin
517 1867 636 1897 Paulus.
661 1869 715 1904 III,
744 1870 834 1898 1155.
1240 1870 1311 1898 Non
1330 1870 1429 1898 dubito
1452 1878 1506 1897 nos
1529 1870 1660 1898 caeteris.
1685 1869 1739 1903 IV,
1763 1869 1836 1898 805.

206 1907 278 1937 Non
300 1918 437 1946 magnam
460 1910 549 1938 habui
574 1920 698 1940 causam.
721 1911 774 1946 VI,
799 1912 871 1941 617.
1241 1911 1329 1948 Quod
1352 1913 1370 1941 f.
1395 1923 1419 1941 e.
1443 1912 1462 1941 f.
1486 1921 1525 1947 3.,
1553 1913 1748 1949 proficiscitur
1770 1912 1807 1939 ad
1833 1915 1861 1940 te
1884 1911 1971 1940 filius.
1995 1910 2063 1948 VH,
2087 1912 2160 1942 486.

208 1950 279 1979 Non
303 1952 397 1980 30111111
420 1953 521 1981 dolore
544 1954 697 1991 impedior.
720 1953 777 1989 IX,
800 1955 871 1983 358.
1241 1955 1375 1985 Servabit
1396 1955 1473 1983 filius
1495 1953 1553 1983 Dei
1576 1973 1626 1985 —.
1652 1954 1721 1984 Diu.
1746 1954 1815 1990 VII,
1842 1954 1932 1984 1042.

207 1993 354 2023 Pindarus
376 1996 484 2033 inquit:
506 1997 635 2026 Γλυκεΐα
657 1995 689 2026 δὲ
712 1992 797 2037 φρήν,
822 1996 863 2032 Χ,
889 1997 937 2026 19.
1241 1999 1337 2028 Tuam
1360 1999 1530 2027 concionem
1554 1999 1591 2026 ad
1613 1998 1804 2035 Episcopum.
1827 1997 1881 2034 IV,
1906 1998 1978 2028 706.

207 2037 331 2065 Praeter
355 2039 523 2075 opinionem
547 2050 642 2068 meam
666 2041 782 2070 accidit.
807 2039 848 2074 X,
873 2039 923 2069 20.
1199 2041 1370 2076 Mollero,
1393 2041 1572 2069 Henrico:

208 2079 297 2114 Quod
318 2080 403 2109 faust.
426 2081 528 2119 felixq.
552 2083 600 2118 sit,
623 2084 696 2111 redit
724 2084 800 2112 istuc
818 2083 971 2112 Martinus.
994 2082 1048 2120 m,
1072 2084 1143 2114 645.
1242 2084 1395 2114 Credimus
1415 2084 1507 2112 filium
1530 2083 1587 2112 Dei
1608 2085 1718 2113 sedere.
1741 2082 1799 2119 IX,
1823 2084 1896 2114 830.

209 2122 295 2158 Quod
314 2123 454 2153 hactenus
477 2125 575 2154 nullas
596 2126 632 2154 ad
656 2131 694 2155 te.
718 2126 771 2162 IV,
796 2126 866 2155 412.
1242 2127 1306 2155 Etsi
1329 2127 1506 2162 dubitabam,
1528 2136 1566 2154 an
1588 2127 1626 2155 in.
1652 2127 1721 2162 VII,
1746 2127 1839 2156 1037.

207 2163 275 2194 Scio
298 2167 477 2196 curationem
500 2168 602 2197 morbi.
626 2168 683 2205 III,
710 2169 802 2199 1232.
1168 2154 1174 2239 l
1242 2170 1305 2198 Etsi
1328 2170 1402 2198 nihil
1426 2174 1469 2198 est
1492 2170 1646 2198 occultum.
1670 2169 1756 2204 VIII,
1780 2169 1852 2199 766.

1240 2213 1347 2242 Fatum
1370 2213 1427 2242 hoc
1449 2217 1494 2241 est
1516 2217 1674 2241 extremae.
1697 2212 1782 2248 VIII,
1805 2212 1876 2241 298.

1240 2255 1311 2285 Non
1334 2256 1427 2285 solum
1450 2256 1480 2284 in
1504 2256 1682 2284 Academiis.
1705 2254 1761 2291 IX,
1786 2255 1856 2284 841.

1241 2298 1356 2337 Opinor
1377 2304 1407 2327 te
1429 2299 1605 2327 meminisse.
1628 2298 1711 2333 VIII,
1737 2299 1786 2328 59.

1242 2341 1340 2378 Quum
1363 2343 1499 2377 sciamus,
1521 2351 1581 2369 non
1600 2341 1677 2370 volvi
1700 2350 1778 2370 casu.
1802 2339 1858 2377 IX,
1882 2340 1954 2370 817.

1242 2383 1363 2422 Semper
1387 2389 1415 2413 et
1437 2385 1587 2422 ingenium
1609 2389 1698 2413 tuum.
1722 2383 1792 2419 VII,
1819 2383 1910 2413 1063.

1197 2428 1377 2463 Mollero,
1400 2427 1609 2456 Ioachimo:

207 2206 239 2236 Si
263 2210 394 2247 aurigam
416 2210 524 2239 habere
546 2216 658 2249 potero.
682 2211 739 2247 IX,
759 2213 830 2242 450.

207 2249 240 2279 Si
263 2251 465 2290 Hieronymus
486 2254 522 2282 ab
546 2253 702 2285 Hirnhem.
726 2255 782 2291 m,
807 2255 879 2284 265.

207 2292 394 2331 significabit
410 2296 496 2324 nobis
517 2296 659 2328 Bucerus.
683 2298 738 2334 ΠΙ,
765 2299 834 2328 164.

207 2335 302 2374 Spero
326 2338 407 2375 prius
430 2339 467 2367 ad
490 2344 518 2367 te
541 2345 755 2378 perventuram.
777 2340 862 2378 VIII,
885 2342 957 2372 546.

208 2379 269 2408 Tot
289 2380 349 2409 iam
372 2382 462 2410 annis.
485 2381 538 2418 VI,
563 2384 635 2414 479.

207 2421 329 2451 Utinam
353 2425 441 2453 vestri
464 2434 621 2458 sermones.
645 2426 703 2463 IX,
729 2428 778 2456 14.

208 2464 374 2504 Utrumque
396 2476 452 2495 vox
475 2468 582 2497 divina.
605 2469 658 2505 VI,
683 2471 754 2499 944.
1241 2471 1377 2499 Arbitror
1399 2471 1477 2509 apud
1500 2480 1561 2499 vos.
1585 2469 1639 2505 VI,
1659 2470 1708 2499 75.

209 2506 307 2538 Ουδὲν
324 2509 377 2546 τῆς
397 2509 555 2560 πατρίδος.
581 2511 649 2548 VII,
672 2513 763 2543 1024.
1170 2532 1173 2537 ·
1240 2512 1420 2542 Brevitatem
1443 2523 1573 2541 mearum
1595 2513 1743 2541 literarum
1767 2515 1915 2541 excusent„
1937 2509 1994 2548 IX,
2018 2511 2111 2541 1091.

206 2548 299 2580 Ὀποῧ
318 2552 363 2587 τὶς
385 2551 478 2591 ἀλγεῖ
501 2554 553 2590 VI,
578 2556 649 2585 310.
1170 2541 1174 2589 l
1242 2554 1381 2585 Carolum
1404 2556 1615 2594 Imperatorem
1634 2560 1755 2585 constat.
1778 2554 1847 2591 VH,
1871 2554 1940 2585 132.
