2299 2921
163 124 228 159 439

165 219 320 252 modeste
342 220 473 251 ostendi
496 222 710 261 possunt.⁵⁵)
749 218 810 250 Est
832 224 942 250 autem
965 227 1059 248 error
1081 227 1148 248 non

166 263 352 301 obscurus»,
388 273 484 304 quem
517 261 661 293 stulticia
693 260 871 293 multorum
901 260 1088 291 docentium
1117 264 1150 289 et

166 304 280 347 populi
303 304 495 347 plerumque
519 306 627 342 addit,
652 304 740 346 quod
764 304 884 334 docent
907 308 939 333 et
963 303 1150 333 existimant

166 349 286 380 ieiunia
310 354 343 379 et
365 347 482 378 similia
506 357 608 388 opera
630 347 747 378 mereri
772 345 1002 377 remissionem
1031 354 1148 385 pecca-

168 397 275 423 torum
300 397 367 421 tum
388 389 506 430 culpae
529 397 595 420 tum
619 400 764 430 poenae,
789 398 823 419 ut
847 395 879 419 et
901 387 1046 418 Thomas
1069 387 1150 418 scri-

169 434 233 471 bit,
263 439 295 465 et
325 434 365 463 de
393 431 678 463 satisfactionibus
695 433 747 469 ⁵⁶)
775 430 904 472 plurimi
935 431 983 461 sic
1014 429 1150 471 loquun-

168 482 231 508 tur.
277 475 368 506 Haec
399 474 591 506 Pliarisaica
620 475 809 515 imaginatio
838 472 935 504 facile
965 473 1051 513 capit
1083 473 1150 502 ani-

169 528 244 551 mos
263 524 295 549 et
318 518 476 549 obscurat
495 516 603 548 lucem
624 517 794 548 doctrinae
813 517 853 547 de
872 514 1044 556 beneficijs
1057 514 1150 545 Chri-

169 562 212 592 sti
236 560 398 602 propt-ijs,
427 565 459 591 et
483 560 523 590 de
547 560 689 601 gratuita
712 559 924 596 remissione,
955 564 987 588 et
1010 558 1051 588 de
1074 557 1150 588 fide.

170 604 250 635 Cum
279 603 364 634 enim
388 609 501 643 putant
532 601 682 633 homines
711 602 829 632 mereri
859 611 896 632 se
924 600 1151 631 remissionem

169 652 383 688 peccatorum
413 644 464 676 his
495 645 566 675 suis
596 645 730 681 ritibus,
763 642 965 675 transferunt
991 642 1151 674 honorem

170 689 315 721 debitum
337 687 470 719 Christo
494 687 526 718 in
549 686 612 717 hos
634 687 729 725 ritus,
749 694 779 717 et
804 685 1042 728 aliquantisper
1065 685 1152 716 inani

169 731 290 763 fiducia
324 737 464 767 tument,
498 736 614 771 postea
650 736 758 761 tamen
788 730 821 760 in
854 729 944 760 veris
979 727 1152 759 doloribus

171 779 269 805 ruunt
292 774 323 804 in
348 773 580 811 dubitationes,
607 772 681 813 [sol.
705 772 786 810 93¹2]
812 782 896 813 quae
927 777 1004 802 sunt
1027 773 1074 802 eis
1100 780 1153 802 ex-

171 817 247 849 icio.
279 815 320 846 Et
343 826 402 857 per
425 826 502 846 sese
524 826 681 858 magnum
705 821 879 856 peccatum
903 820 953 845 est
971 824 1038 845 non
1050 823 1155 845 nosse

171 859 334 892 beneficia
357 857 413 900 filij
439 859 501 890 1101.

258 902 400 942 Propter
427 901 513 932 hanc
544 911 679 932 causam
708 900 833 932 Paulus
863 906 929 930 tam
957 900 1078 931 acriter
1109 899 1154 929 di—

171 945 271 976 micat
286 946 340 983 57)
364 944 404 975 de
425 944 642 985 abrogatione
666 943 940 979 circumcisionis,
963 948 995 974 et
1017 941 1154 973 aliarum

173 987 435 1019 ceremoniarum
467 986 553 1028 legis
587 986 846 1024 Mosatcae,⁵⁵³)
881 995 923 1016 ne
952 995 1032 1016 vera
1063 985 1153 1027 agni—

173 1031 218 1062 tio
236 1032 288 1067 50)
312 1029 505 1061 Mediatoris
531 1030 789 1071 extingueretur,
814 1029 842 1059 si
861 1028 1089 1060 existimarent
1102 1029 1154 1065 60)

173 1083 212 1104 se
234 1073 351 1104 mereri
381 1073 611 1103 remissionem
640 1078 853 1112 peccatorum
883 1078 913 1102 et
945 1072 1050 1102 iustos
1079 1080 1156 1101 esse

173 1116 238 1148 1130
262 1116 499 1146 obseruatione
521 1114 606 1158 legis
631 1122 663 1145 et
687 1115 946 1146 ceremoniarum
976 1112 1087 1151 Moisi,
1103 1115 1155 1150 61)

175 1158 271 1190 Sicut
293 1158 444 1189 Pharisei
466 1158 721 1189 contendebant.
766 1157 808 1188 Et
831 1167 912 1198 sepe
940 1162 1051 1187 monet
1073 1155 1156 1186 Pau—

174 1200 244 1240 lus,
279 1207 314 1232 vt
343 1211 537 1238 caueamus,
572 1211 614 1231 ne
641 1201 738 1232 nouis
763 1199 959 1240 ceremonijs
993 1198 1157 1236 humanis,

175 1243 232 1276 lux
254 1243 428 1285 Euangelij
454 1245 662 1275 obscuretur.

264 1286 439 1317 Secundus
463 1296 557 1317 error
578 1287 687 1317 minus
711 1285 910 1326 conspicuus
934 1290 1001 1322 est,
1024 1284 1086 1315 sed
1109 1289 1156 1314 ta-

176 1339 250 1362 men
264 1329 481 1369 perniciosus.
517 1328 699 1369 Postquam
718 1329 829 1359 vident
848 1326 948 1368 aliqui
967 1336 1033 1358 11011
1051 1336 1156 1367 posse

173 1371 305 1404 defendi
329 1372 418 1403 hunc
438 1371 660 1413 pharisaicum
680 1381 839 1408 errorem,
858 1371 1057 1402 delabuntur
1079 1368 1154 1401 huc.

171 1415 258 1454 Etsi,
281 1415 445 1456 inquiunt,
467 1424 533 1445 non
558 1414 636 1454 [fol.
659 1414 744 1452 94³]
776 1419 942 1444 merentur
971 1412 1036 1443 hae
1063 1422 1155 1443 cere-

172 1458 303 1490 moniae
326 1458 556 1488 remissionem
578 1464 804 1498 peccatorum,
827 1463 955 1493 tamen,
979 1455 1056 1496 quia
1078 1461 1155 1486 sunt

174 1502 264 1532 bona
290 1510 391 1541 opera
416 1507 445 1531 ct
477 1499 586 1531 cultus
615 1500 684 1537 dei,
713 1498 934 1531 defenduntur
963 1497 1027 1529 1130
1054 1498 1154 1529 tradi—

174 1544 296 1581 tiones,
318 1549 352 1574 vt
375 1543 407 1574 in
431 1542 507 1585 lege
530 1542 628 1573 Moisi
643 1545 696 1581 61)
719 1542 965 1573 Nazaraeorum
989 1541 1154 1572 abstinen-

173 1587 233 1623 tia,
268 1586 329 1617 etsi
359 1595 425 1617 non
453 1586 641 1617 merebatur
670 1586 897 1617 remissionem
930 1591 1154 1626 peccatorum,

173 1636 284 1661 tamen
308 1629 370 1660 deo
394 1627 550 1669 placebat
574 1636 605 1659 et
629 1634 698 1660 erat
723 1626 831 1659 cultus
855 1628 918 1659 deo
943 1633 1070 1669 gratus.

261 1672 334 1703 Hoc
367 1669 445 1702 suco
480 1681 601 1703 recens
636 1671 767 1712 quidam
796 1672 933 1713 pingere
962 1670 1154 1701 traditiones

175 1715 374 1754 didicerunt,
398 1715 452 1755 qui
475 1720 584 1745 tamen
609 1724 675 1745 non
699 1714 739 1745 de
762 1713 813 1745 liis
836 1714 953 1753 medijs
983 1713 1083 1744 rebus
1107 1713 1153 1743 di-

174 1759 313 1791 micant,
338 1757 404 1788 Sed
429 1756 516 1788 alios
540 1764 644 1788 tetros
673 1767 805 1788 errores
835 1763 866 1787 et
897 1756 1082 1797 opinionem
1114 1756 1155 1786 de

174 1806 340 1843 potestate
364 1799 604 1840 Episcoporum
625 1798 773 1831 stabilire
797 1805 968 1830 conantur.
1002 1798 1153 1829 Necesse

176 1850 229 1874 est
252 1849 360 1873 autem
380 1843 453 1883 pios
472 1842 526 1873 hic
552 1852 672 1873 cauere
697 1843 868 1873 doctrinae
892 1842 1038 1872 insidias.
1086 1839 1154 1870 Ma-

176 1895 262 1928 gnus
286 1895 379 1916 error
400 1885 432 1915 in
452 1884 517 1916 hoc
540 1885 613 1925 ipso
637 1883 715 1916 suco
738 1885 834 1915 inest.
869 1884 944 1915 Non
961 1889 1052 1914 recte
1078 1883 1155 1913 cita-

175 1935 228 1960 tur
252 1926 436 1968 exemplum
461 1934 492 1958 et
515 1928 633 1958 Moise.
650 1930 702 1965 ⁶²)
737 1927 854 1968 Longe
877 1926 1030 1958 differunt
1052 1935 1154 1967 opera

177 1982 196 2002 a
221 1972 282 2003 deo
306 1971 454 2002 instituta
477 1976 510 2001 et
534 1971 684 2001 ordinata
715 1971 756 2001 ab
786 1970 942 2010 operibus
970 1979 1037 2000 non
1065 1978 1154 1999 man-

624 125 738 158 PHlL.
760 124 865 157 MEL.
889 122 1077 157 SCRlPTA
1100 121 1370 154 DOGMATICA
1393 122 1448 154 ET
1472 122 1740 155 SYMBOLtcA.

2113 125 2179 156 440

1203 219 1244 249 ab
1268 218 1454 250 hominibus
1483 218 1556 249 sine
1584 218 1739 249 mandato
1764 218 1836 256 dei,
1865 229 1927 250 1100
1957 217 2089 250 fuerunt
2116 229 2180 250 nec

1203 267 1280 292 sunt
1314 259 1422 292 cultus
1452 261 1514 292 dei.
1570 260 1786 302 Nequaquam
1820 262 1939 302 probat
1973 262 2055 292 deus
2093 261 2180 293 hanc

1202 304 1376 335 audaciam
1388 302 1567 342 hominum,
1587 314 1672 345 quae
1684 310 1792 334 tamen
1815 313 1948 345 semper
1965 305 2086 335 vsitata
2108 302 2179 341 fuit,

1174 329 1178 391 Ι
1203 345 1349 387 fingendi
1373 344 1498 383 cultus,
1528 347 1560 377 id
1580 353 1632 378 est
1655 356 1772 387 opera,
1800 356 1937 387 quorum
1965 346 2039 377 finis
2068 347 2180 378 imme·

1175 394 1178 459 Ι
1203 389 1312 420 diatus
1336 390 1397 427 sit,
1422 395 1457 420 vt
1480 389 1564 420 deus
1587 400 1646 431 per
1669 399 1708 420 ea
1732 389 1860 420 honore
1883 389 2066 420 adficiatur.
2101 389 2181 420 111οο

1175 462 1179 487 l

1204 431 1393 469 0131113163)
1417 442 1482 463 vox
1506 432 1627 470 diuina,
1644 434 1697 469 ⁶⁴)
1723 432 1860 463 Frustra
1881 431 1992 463 colunt
2016 442 2067 463 me
2090 442 2180 463 man·

1203 475 1288 505 datis
1311 475 1487 506 hominum.

1289 517 1331 548 Et
1353 518 1478 557 passim
1500 518 1533 548 in
1556 516 1727 558 prophetis
1750 524 1781 548 et
1805 518 1891 557 apud
1918 517 2056 548 Paulum
2088 522 2180 548 taxa-

1203 566 1256 590 tur
1283 559 1367 591 haec
1401 560 1549 591 audacia.
1595 560 1662 591 Sed
1690 561 1760 591 veri
1790 560 1897 591 cultus
1927 567 2003 591 sunt
2031 570 2132 601 opera
2159 570 2180 591 a

1203 601 1277 633 Deo
1311 603 1483 641 mandata,
1520 613 1604 644 quae
1632 602 1714 635 fiunt
1744 604 1775 633 in
1804 603 1971 644 agnitione
2000 612 2030 634 et
2060 602 2181 633 fiducia

1204 645 1392 677 mediatoris
1415 646 1480 677 hoc
1502 647 1584 684 tine,
1615 653 1650 677 vt
1678 646 1741 677 deo
1770 651 1957 687 praestetur
1985 645 2182 683 obedientia,

1205 694 1237 762 pt
1260 687 1473 729 profiteamur
1496 689 1584 720 hunc
1608 698 1685 720 vere
1708 699 1783 719 esse
1807 689 1915 726 deum,
1939 699 2036 730 quem
2053 689 2101 718 sic
2126 699 2183 720 00-

1177 753 1181 776 ,
1219 740 1311 762 imus.

1178 779 1182 830 ἱ
1295 782 1372 822 [fol.
1395 782 1475 820 95³]
1507 782 1553 813 lta
1576 781 1764 813 Ezechielis
1786 782 1837 813 20.
1869 782 2021 814 Reuocat
2050 791 2112 813 nos
2141 781 2183 812 ad

1179 834 1182 864 Ι
1207 831 1386 866 praecepta
1412 825 1540 863 diuina,
1570 826 1738 866 inquiens,
1774 825 1808 856 ln
1840 825 2026 866 praeceptis
2054 830 2183 866 patrum

1179 865 1182 890 Ι
1208 874 1396 899 vestrorum
1418 867 1521 899 nolite
1542 868 1714 905 incedere,
1742 867 1809 899 Sed
1832 868 1864 898 in
1887 868 2072 908 praeceptis
2101 867 2183 898 meis

1179 895 1183 942 l
1208 909 1384 942 ambulate.
1430 911 1471 941 Et
1500 921 1580 951 sepe
1608 910 1765 951 repetitae
1795 916 1871 942 sunt
1900 910 1964 941 hae
1992 910 2182 941 conciones.

1293 953 1336 994 Et.
1356 954 1388 984 in
1411 952 1557 985 Psalmo.
1573 955 1626 990 ⁶⁵)
1670 952 1825 984 Lucerna
1848 953 1987 994 pedibus
2009 953 2090 984 meis
2114 962 2186 983 ver-

1208 998 1285 1029 bum
1310 1003 1410 1028 tuum.
1457 996 1497 1027 Et
1521 998 1552 1028 in
1576 996 1729 1028 Numeris
1754 1007 1825 1037 cap.
1851 996 1900 1026 15.
1944 995 2020 1026 Non
2044 1004 2185 1036 sequan-

1207 1046 1260 1072 tur
1278 1040 1499 1081 cogitationes
1523 1050 1613 1071 suas.

1293 1082 1422 1114 Tertius
1458 1093 1551 1113 error
1589 1088 1650 1113 est.
1706 1082 1909 1123 Hypocritae
1947 1080 2075 1123 fingunt
2107 1080 2186 1112 talia

1208 1136 1312 1166 opera
1335 1123 1558 1166 perfectiones
1574 1127 1627 1161 ⁶⁶)
1657 1134 1753 1162 esse,
1782 1130 1816 1156 vt
1839 1124 1995 1155 Monachi
2018 1133 2079 1155 sua
2108 1130 2186 1154 vota

1207 1168 1306 1210 plena
1329 1168 1482 1199 vanitatis
1513 1167 1699 1198 anteferunt
1729 1169 1816 1198 vitae
1844 1166 1998 1209 politicae
2026 1172 2058 1197 et
2085 1176 2185 1198 0000-

1209 1212 1375 1248 uomicae,
1399 1221 1473 1242 cum
1496 1211 1577 1241 deus
1599 1210 1745 1241 mirando
1775 1209 1914 1243 consilio
1943 1210 1992 1240 sic
2017 1209 2185 1240 consocia-

1208 1255 1291 1285 uerit
1315 1264 1420 1295 genus
1442 1253 1633 1289 humanum,
1657 1259 1689 1284 et
1711 1254 1743 1283 in
1767 1252 1817 1283 his
1838 1252 2011 1283 laboribus
2039 1259 2072 1282 et
2100 1251 2184 1292 peri·

1210 1295 1295 1328 culis
1318 1295 1397 1327 velit
1421 1296 1569 1337 conspici
1593 1295 1701 1333 fidem,
1724 1296 1977 1332 inuocationem,
2002 1294 2185 1325 confessio-

1208 1349 1301 1378 nem,
1332 1345 1476 1370 mutuam
1506 1338 1774 1376 beneficentiam,
1807 1337 2013 1369 tolerantiam
2046 1342 2077 1367 et
2102 1335 2187 1367 alias

1179 1391 1183 1445 Ι
1206 1383 1357 1414 virtutes.

1296 1432 1372 1474 [fol.
1395 1432 1477 1470 951³]
1503 1431 1648 1467 Quartus
1672 1442 1767 1463 error
1789 1438 1839 1464 est
1863 1433 1973 1474 opinio
1995 1431 2206 1470 Necessita-‚

1207 1476 1268 1514 tis,
1302 1483 1337 1508 vt
1373 1476 1522 1514 scrib-unt
1557 1475 1687 1516 quidam
1722 1475 1876 1506 Ieiunium
1911 1474 2186 1516 quadragesimae

1206 1513 1520 1555 necessariumffist,
1537 1520 1588 1556 67)
1619 1517 1685 1549 3113
1713 1518 1884 1549 arbitraria
1912 1524 2000 1548 sunt.
2046 1516 2117 1547 Nec
2133 1516 2185 1553 t³⁸)

1207 1569 1332 1594 tantum
1367 1562 1558 1593 carnificina
1592 1567 1643 1592 est
1677 1560 1901 1591 conscientiae
1936 1559 2084 1590 Iudicare
2118 1568 2184 1589 non

1207 1615 1284 1637 esse
1318 1604 1557 1642 Christianum,
1590 1614 1655 1635 non
1691 1613 1767 1634 esse
1800 1603 1980 1633 membrum
2012 1600 2187 1632 Ecclesiae

1208 1649 1278 1685 dei,
1307 1648 1530 1679 comedentem
1561 1655 1680 1678 carnes
1714 1646 1766 1677 die
1793 1651 1909 1682 sexta,
1938 1651 1992 1676 aut
2022 1653 2089 1675 non
2118 1653 2187 1674 ser-

1207 1698 1339 1723 uantem
1355 1691 1406 1728 69)
1429 1691 1581 1721 1011111111111
1605 1690 1897 1730 quadragesimae,
1927 1688 1989 1719 sed
2018 1696 2113 1718 error
2135 1692 2187 1717 est

1208 1736 1393 1765 obscurans
1411 1742 1466 1764 res
1484 1733 1656 1768 maximas,
1675 1731 1856 1763 doctrinam
1876 1731 1917 1761 de
1935 1730 2060 1762 lustitia
2079 1728 2187 1760 Euan-

1208 1777 1285 1818 gelij
1310 1782 1343 1807 et
1366 1777 1406 1806 de
1424 1774 1587 1812 Ecclesia,
1611 1773 1718 1815 qualis
1741 1775 1795 1811 sit,
1821 1779 1852 1804 et
1875 1773 2040 1815 quomodo
2062 1772 2186 1803 discer-

1206 1820 1314 1851 nenda
1344 1819 1408 1849 sint
1439 1819 1584 1849 membra
1608 1815 1798 1853 Ecclesiae,
1831 1826 1895 1847 non
1925 1816 2000 1847 cibo
2031 1822 2063 1846 01
2093 1820 2184 1856 potu,

1207 1863 1268 1894 sed
1292 1862 1373 1899 fide,
1396 1861 1608 1892 inuocatione
1637 1866 1669 1891 et
1696 1860 1816 1891 ceteris
1840 1859 2024 1890 virtutibus.

1294 1905 1345 1936 Ac
1369 1910 1484 1935 contra
1509 1904 1695 1944 opinionem
1723 1903 1931 1933 necessitatis
1956 1910 2115 1942 expresse
2139 1900 2185 1931 di-

1209 1949 1292 1980 citur
1315 1946 1448 1979 Coloss.
1472 1947 1502 1976 2.
1542 1946 1647 1977 Nemo
1671 1955 1732 1977 vos
1751 1946 1874 1977 iudicet
1896 1945 1929 1975 in
1953 1945 2028 1976 cibo
2051 1950 2083 1974 et
2105 1948 2185 1985 potu

1179 1449 1183 1486 i

177 2015 263 2045 datis
288 2020 321 2045 et
343 2023 409 2044 non
433 2013 593 2044 ordinatis
616 2024 636 2044 a
659 2012 750 2051 Deo,
777 2013 837 2043 sed
860 2018 985 2043 tantum
1014 2010 1154 2042 consilio
1181 2031 1183 2054 ,

175 2056 320 2088 humano
347 2056 557 2097 excogitatis.
603 2055 705 2087 Erant
736 2054 844 2086 cultus
868 2055 920 2086 dei
949 2064 1049 2095 opera
1078 2053 1155 2094 [fol.

176 2099 260 2138 9³]
287 2101 316 2129 in
341 2098 416 2140 lege
441 2099 491 2130 dei
517 2099 684 2137 ordinata,
707 2099 769 2129 etsi
793 2098 1019 2128 remissionem
1038 2107 1156 2137 pecca·
1181 2108 1182 2119 ³

175 2148 284 2173 torum
299 2152 364 2172 non
378 2142 598 2172 merebantur.
623 2142 666 2172 At
678 2143 932 2182 ἐθελοθρησκεῖαι
947 2141 1156 2182 excogitatae

175 2287 222 2319 56)
243 2293 268 2310 01
287 2288 318 2311 de
338 2286 430 2320 satist]
450 2288 485 2311 sic
505 2288 588 2316 Cod.;
609 2294 677 2311 omn.
696 2286 792 2310 Editm
812 2286 844 2310 de
863 2286 942 2310 satisf.
963 2291 989 2310 et

175 2330 222 2361 57)
243 2330 358 2361 dimicat]
377 2330 459 2354 Editt.
482 2330 557 2353 1—3.
577 2331 614 2354 8.:
636 2330 738 2353 diuinat

177 2372 222 2403 58)
243 2371 399 2404 Mosaicae,]
418 2372 467 2396 Ed.
492 2374 512 2396 l.
533 2379 583 2404 typ.
605 2380 667 2396 ern:
687 2371 837 2402 Massycae,

178 2414 224 2446 59)
245 2415 355 2446 agnitio]
373 2414 454 2438 Editt.
477 2416 551 2439 1—3.
572 2416 610 2439 8.;
631 2416 745 2445 cognitio

178 2457 226 2488 60)
246 2457 431 2488 existimarent]
451 2457 499 2482 Ed.
521 2457 559 2481 6.:
580 2458 756 2481 existimarent
775 2457 892 2480 homines

178 2499 224 2531 61)
244 2499 333 2530 Moisi]
355 2500 392 2523 sic
410 2500 474 2524 Cod.
495 2503 595 2532 utroque
614 2501 680 2530 Ioco,
701 2503 722 2524 et
742 2499 820 2524 altero
840 2500 889 2523 loco
909 2499 957 2523 Ed.
978 2499 1019 2528 5.;
1046 2498 1093 2522 Ed.
1115 2499 1155 2521 4.:

247 2533 329 2562 Mmsi,
349 2538 407 2558 cett.
427 2534 519 2557 Eam:
537 2534 623 2565 Moysi

178 2575 225 2607 62)
244 2575 404 2607 1110130.)πο
423 2577 504 2606 Cod.;
524 2577 574 2600 Ed.
594 2578 634 2600 4.:
654 2577 742 2607 Mose,
762 2580 821 2600 cett.
841 2575 935 2600 Editt.:
954 2575 1045 2606 Moyse

1181 2214 1184 2229 1

1181 2232 1185 2347 Ιι
1277 2265 1359 2288 Editt.
1379 2265 1403 2287 5.
1423 2264 1461 2288 6.:

1181 2349 1185 2377 Ι

1181 2389 1185 2440 t

1208 2110 1254 2139 63)
1275 2109 1377 2141 clamat]
1397 2111 1433 2133 oie
1451 2109 1532 2138 Cod.;
1551 2116 1620 2132 omn.
1641 2108 1737 2132 Editt.:
1758 2108 1885 2131 exclamat

1209 2154 1254 2183 64)
1275 2160 1326 2176 vox
1346 2151 1445 2184 diuina]
1464 2152 1543 2176 Editt.
1565 2152 1640 2175 5—7.
1661 2152 1686 2174 in
1709 2154 1777 2175 testu
1797 2150 1870 2174 add:
1897 2149 1988 2172 Matth.
2010 2148 2064 2177 15.,
2090 2147 2138 2171 Ed.
2158 2148 2183 2170 4.

1276 2188 1302 2210 in
1320 2195 1398 2218 mary.
1410 2187 1482 2217 falso
1500 2186 1609 2211 exhibet:
1629 2185 1692 2209 Mat.
1716 2186 1752 2209 17.

1209 2231 1254 2261 65)
1274 2232 1300 2254 in
1320 2229 1434 2261 Psalmo]
1455 2229 1504 2252 Ed.
1525 2230 1547 2252 7.
1567 2230 1593 2252 in
1610 2231 1680 2252 textu
1704 2227 1774 2251 addit
1798 2228 1850 2251 eiua
1872 2234 2009 2250 numerum:
2035 2224 2105 2253 119.,
2128 2224 2185 2248 irene

1485 2265 1556 2293 118„
1576 2262 1674 2287 cundem
1692 2269 1755 2285 num.
1774 2261 1823 2284 Ed.
1844 2263 1867 2284 4.
1886 2262 1912 2283 in
1930 2267 2008 2291 marq.
2028 2259 2131 2283 indicat.

1227 2308 1255 2338 6)
1275 2306 1456 2339 perfectiones]
1477 2307 1558 2330 Editt.
1579 2305 1653 2328 1-3.
1672 2305 1695 2328 ὁ.
1715 2305 1738 2328 7.
1760 2305 1798 2328 8.;
1818 2304 1983 2335 perfectionis

1209 2308 1224 2332 6

1181 2382 1184 2388 ἱ
1209 2351 1254 2382 67)
1275 2350 1378 2382 quidam
1397 2350 1480 2374 Ieiun.
1500 2349 1712 2380 quadragesimae
1736 2349 1908 2371 necessarium
1932 2345 1991 2377 est,]
2015 2346 2052 2369 sic
2075 2344 2142 2369 Cod.
2163 2347 2186 2368 et

1277 2385 1360 2408 Editt.
1381 2383 1470 2412 4—6,‚
1496 2384 1544 2407 Ed.
1566 2384 1604 2407 7.:
1627 2382 1730 2413 quidam
1755 2382 1836 2405 [eiun.
1861 2380 2075 2412 quadragesimae
2097 2385 2187 2402 neces-

1278 2420 1372 2443 sarium
1392 2425 1459 2447 esse;
1479 2419 1559 2441 Editt.
1581 2419 1602 2440 1.
1624 2418 1646 2440 2.
1668 2417 1706 2439 8.;
1726 2416 1795 2446 quod
1814 2416 1894 2439 ieiun.
1921 2420 1947 2439 et
1970 2414 2186 2446 quadragesimae

1278 2454 1453 2477 necessarium
1473 2457 1519 2482 est,
1544 2451 1592 2475 Ed.
1611 2451 1650 2475 3.:
1670 2451 1738 2482 quod
1758 2451 1834 2474 ieiun.
1861 2449 2076 2480 quadragesimae
2098 2454 2184 2472 nece·-

1276 2489 1370 2511 sarium
1390 2491 1437 2516 est,

1209 2531 1255 2563 68)
1275 2534 1341 2554 sunt.
1378 2529 1443 2561 Nec]
1464 2529 1545 2552 Editt.
1568 2527 1642 2551 1—3.
1663 2528 1702 2551 8.:
1722 2532 1793 2555 sunt,
1814 2534 1879 2558 quae

1208 2573 1254 2605 69)
1275 2571 1431 2604 seruantem]
1450 2572 1531 2596 Editt.
1553 2571 1627 2595 1—3.
1648 2572 1684 2595 8.:
1704 2574 1833 2594 seruatum
