2299 2921
155 133 218 166 371

157 228 290 259 ditatem
313 226 490 263 vindictae,
514 229 570 256 aut
581 223 664 255 alios
688 233 811 265 prauos
824 221 985 254 adfectus.
1020 221 1136 263 Itaque
1160 224 1165 257 t

157 277 190 302 ct
212 272 317 307 11058)
341 270 423 301 iussi
447 278 525 299 vere
549 273 581 298 et
594 269 680 298 bona
703 266 768 297 fide
790 266 908 296 iterum
924 265 1136 296 recitabimus
1161 258 1165 286 ¹

157 314 340 345 doctrinam
364 314 395 343 in
409 310 573 352 Ecclesijs
596 310 720 341 nostris
743 314 929 346 sonantem,
952 318 1050 349 quam
1074 307 1137 338 etsi

157 356 212 398 alij
237 358 342 398 magis
366 353 422 396 aiij
447 354 553 384 minus
578 352 704 384 erudite
726 358 782 382 aut
804 351 980 392 perspicue
992 350 1137 387 tradunt,

156 406 266 431 tamen
291 400 363 429 sine
385 396 550 428 discordia
574 396 605 426 111
629 394 857 432 fundamento,
885 403 1000 425 omnes
1023 398 1137 434 pasto-

157 452 211 474 res
235 443 267 473 in
292 440 457 480 Ecclesijs
481 439 604 469 nostris
627 436 881 478 amplectuntur.

245 485 439 524 Quanquam
485 487 591 512 autem
636 481 759 511 scimus
798 477 1020 520 periculosam
1061 487 1137 509 esse

158 528 305 559 veritatis
326 524 584 561 confessionem,
602 528 711 554 tamen
737 523 813 563 [sol.
837 523 883 560 2¹2]
898 527 1033 563 propter
1055 520 1137 552 mul-

157 578 210 602 tas
240 570 398 601 honestas
422 577 543 600 causas
574 577 645 597 eam
673 576 740 597 11011
763 566 923 607 grauatim
946 565 1137 604 repetimus,

158 613 301 644 Primum
326 612 412 653 quia,
436 622 509 642 611111
533 609 636 641 multa
659 607 745 640 falsa
769 609 904 639 erimina
915 608 1003 648 apud
1026 606 1138 648 Reges

158 663 189 688 et
214 656 301 697 apud
313 658 343 691 ⁹)
368 660 500 686 exteras
523 653 674 684 nationes
698 652 730 682 111
754 661 818 682 1105
847 649 1078 688 conferantur,
1107 654 1140 680 et

157 700 233 730 odia
259 704 374 729 contra
393 707 456 728 nos
475 696 577 737 varijs
601 694 772 736 calumnijs
785 704 929 725 accensa
952 694 1028 731 sint,
1052 692 1138 723 haec
1163 699 1167 738 Ι

158 741 424 773 commemoratio
437 739 609 770 mendacia
632 737 687 769 illa
710 736 874 774 refutabit,
898 743 930 767 et
952 735 1138 778 aliquorum
1162 742 1166 868 i

156 785 358 816 iracundiam
393 782 500 814 leniet.
538 780 668 812 Deinde
700 781 812 821 sepius
846 785 996 820 repetere
1026 788 1137 809 veram

158 828 329 859 doetrinae
352 825 603 867 explicationem
628 825 689 855 deo
715 829 845 865 gratum
869 828 937 860 est,
970 828 1004 853 et
1037 820 1139 862 aliqui

157 871 299 913 cognitis
323 869 469 900 fontibus
494 869 535 899 ad
560 868 732 899 veritatem
755 867 945 898 inuitantur.
1162 871 1165 907 ς

246 913 393 944 Necesse
417 917 467 943 est
492 920 554 942 nos
583 911 680 941 etiam
709 910 751 941 ad
774 915 929 950 posteros
952 906 1139 948 relinquere

158 955 294 997 publica
318 955 505 986 testimonia
529 954 627 995 digna
646 954 722 991 fide,
742 953 893 994 opposita
917 950 1013 984 falsis
1034 951 1139 981 erimi-

157 1000 358 1035 nationibus,
390 1008 432 1029 ne
465 997 643 1038 posteritas
677 997 718 1027 (16
750 996 848 1027 1101115
878 1004 977 1025 566115
1005 993 1138 1031 111(1166(,

158 1048 190 1074 et
212 1050 248 1074 ut
271 1040 371 1083 aliqui
388 1040 441 1072 his
460 1040 583 1071 nostris
596 1039 794 1079 testimoniJ's
818 1038 895 1076 [fol.
919 1037 970 1076 3³]
996 1046 1140 1067 commo·

161 1083 296 1123 nefasti,
320 1085 490 1115 veritatem
514 1084 690 1124 inquirant,
724 1088 755 1112 et
786 1082 817 1112 in
852 1081 941 1112 veris
965 1079 1139 1120 sententijs

159 1129 406 1160 confirmentur.

245 1172 424 1212 Speramus
437 1170 534 1200 etiam
552 1179 623 1207 605,
636 1169 691 1210 qui
710 1167 969 1199 considerabunt
980 1165 1141 1196 historiae

160 1215 292 1251 seriem,
329 1220 359 1244 et
395 1213 484 1244 initia
516 1211 633 1243 horum
663 1211 886 1247 certaminum,
913 1207 1140 1240 intellecturos

159 1267 236 1289 esse
258 1267 320 1288 1105
344 1266 407 1287 nec
431 1265 556 1293 errore,
578 1265 640 1285 nec
653 1253 721 1284 vlla
744 1263 847 1294 praua
866 1252 1043 1293 cupiditate
1054 1251 1141 1281 hanc

159 1301 343 1331 doctrinam
372 1297 545 1340 amplexus
575 1307 653 1328 esse
683 1303 715 1328 et
738 1296 832 1328 tueri.
878 1293 1011 1326 Nullum
1035 1293 1141 1324 maius
1166 1301 1170 1326 ι

159 1343 272 1375 5661115
306 1348 358 1374 65(
393 1352 491 1383 quam
525 1341 657 1382 agnitae
691 1339 821 1370 veritati
854 1337 1028 1369 aduersari
1056 1327 1170 1367 sicut¹

159 1387 319 1427 scriptum
367 1391 434 1423 est,
483 1383 697 1425 Blasphemia
737 1383 871 1423 spiritus
921 1390 989 1411 non
1033 1379 1141 1411 remit-

159 1435 255 1461 tetur.
312 1429 384 1459 Nos
418 1428 518 1470 igitur
552 1437 625 1458 cum
660 1425 902 1457 audiuissemus
932 1423 1170 1464 pe1·spicuam;

159 1474 332 1504 veritatem
357 1473 397 1503 (16
421 1472 521 1502 rebus
545 1469 760 1510 necessarijs,
788 1469 829 1499 (16
854 1466 1072 1508 poenitentia,
1100 1465 1141 1495 de
1166 1463 1170 1492 1

159 1516 225 1547 fide
239 1515 421 1556 accipiente
435 1516 484 1552 ¹0)
508 1513 736 1544 remissionem
747 1516 971 1553 peccatorum,
991 1509 1031 1540 de
1053 1507 1141 1550 lege,
1165 1497 1169 1564 ἶ

162 1559 203 1590 (16
224 1559 342 1600 gratia,
367 1559 407 1588 de
430 1567 508 1588 vera
533 1557 753 1593 inuocatione,
777 1555 818 1585 (16
841 1552 1028 1585 discrimine
1046 1561 1141 1583 vero·
1166 1565 1169 1569 Δ

157 1612 229 1634 111111
264 1608 295 1632 6(
329 1599 490 1632 falsorum
525 1599 690 1637 cultuum,
714 1599 755 1629 de
776 1608 840 1629 vsu
858 1600 1141 1628 sacramentorum
1165 1571 1169 1629 1

158 1651 192 1676 et
214 1643 290 1686 alijs
313 1643 517 1684 necessarijs
541 1643 712 1673 doctrinae
735 1641 898 1682 partibuS,
921 1637 1089 1674 adsentiri,
1109 1642 1142 1668 et
1165 1643 1168 1681 1

159 1689 222 1720 deo
247 1688 371 1730 gratias
395 1696 498 1729 agere
520 1696 580 1727 pro
608 1686 681 1723 [fol.
706 1685 752 1723 3¹]
777 1683 842 1715 hoc
864 1684 1024 1714 immenso
1043 1682 1141 1712 bene·
1163 1684 1168 1753 ι

159 1731 235 1762 ficio
248 1731 404 1772 oportuit,
428 1729 516 1771 quod
529 1728 656 1760 reddita
671 1730 680 1747 ¹
693 1730 721 1766 ¹)
733 1725 906 1768 Euangelij
927 1725 1013 1763 luce,
1026 1723 1139 1765 plures

160 1775 200 1805 ad
233 1784 271 1805 se
301 1774 472 1805 conuertit.
524 1771 606 1803 Cum
640 1771 725 1802 enim
756 1771 914 1811 scriptum
943 1769 1001 1804 sit.
1041 1761 1169 1962 Pater!

160 1817 332 1848 sanctifica
355 1826 413 1848 605
435 1816 468 1847 111
492 1815 631 1845 veritate
652 1819 726 1851 tua,
750 1823 859 1844 sermo
882 1819 958 1843 tuus
982 1816 1034 1841 est
1056 1810 1140 1840 veri-

159 1866 224 1898 tas,
258 1859 411 1891 Ecclesia
443 1857 622 1900 colligitur,
657 1867 722 1887 non
751 1855 846 1887 falsis
877 1854 1085 1896 opinionibus
1108 1857 1141 1883 et

161 1904 463 1945 superstitionibus,
487 1901 546 1932 sed
569 1901 760 1940 incorrupta
782 1896 955 1940 Euangelij
979 1906 1075 1928 voce.

248 1946 360 1987 ltaque
383 1946 411 1976 si
436 1944 601 1976 constabit
623 1953 728 1984 genus
761 1942 930 1973 doctrinae
964 1940 1053 1981 quod
1076 1948 1140 1969 am-

161 1988 249 2031 plexi
273 1998 400 2026 sumus,
416 1998 530 2019 verum
555 1992 585 2017 et
608 1986 835 2017 necessarium
854 1993 932 2015 esse
955 1981 1140 2022 Ecclesiae,

162 2043 228 2064 non
252 2031 483 2073 sophisticum,
507 2040 573 2061 non
587 2030 804 2065 sediciosum,
827 2037 895 2059 non
919 2027 1141 2058 existimemur

161 2082 217 2107 aut
240 2085 353 2106 errore
371 2074 468 2116 lapsi,
492 2080 547 2104 aut
571 2073 646 2104 odio
670 2071 864 2112 disciplinae
886 2080 927 2102 ac
949 2068 1085 2105 leuitate
1108 2073 1141 2097 6(

161 2118 315 2150 licentiae
349 2117 524 2149 dulcedine
558 2122 613 2147 aut
654 2114 728 2155 alijs
762 2115 875 2155 prauis
909 2111 1141 2153 cupiditatibus

162 2160 302 2203 impulsi,
323 2167 357 2193 ut
379 2161 475 2191 nouis
500 2159 708 2200 opinionibus
731 2156 1018 2198 adplauderemus.

250 2204 376 2235 Initium
395 2209 503 2235 autem
527 2201 578 2232 his
603 2201 880 2242 disputationibus
902 2198 1053 2240 praebuit
1064 2206 1143 2228 con-

166 2249 268 2279 tentio
305 2248 345 2279 de
380 2245 609 2288 indulgentiis,
644 2244 717 2282 [fol.
740 2244 789 2284 4³]
824 2252 907 2284 quas
935 2251 1008 2273 cum
1031 2249 1142 2271 mona-

1165 2294 1171 2318 1

184 2368 212 2399 8)
232 2369 290 2399 nos]
309 2368 334 2391 in
353 2368 432 2392 Editt.
454 2369 528 2392 1—3.
550 2369 573 2392 8.
595 2367 668 2392 deest.

184 2411 214 2441 9)
233 2411 312 2442 apud]
330 2412 355 2434 in
374 2411 420 2434 Ed.
442 2412 466 2435 7.
486 2411 559 2435 deest.

169 2456 213 2485 10)
234 2454 386 2487 accipiente]
406 2454 488 2478 scriba
508 2455 657 2487 scripserat:
678 2452 859 2482 accipientem,
879 2456 946 2481 quem
965 2455 1070 2472 errorem
1088 2446 1143 2470 Me-

237 2489 343 2512 lantbon
363 2489 441 2513 deleta
461 2490 544 2513 littera
563 2497 587 2512 m
608 2486 750 2512 emendavit.

170 2533 214 2561 11)
234 2531 346 2563 reddita]
367 2532 416 2555 Ed.
437 2534 458 2555 2.
480 2536 530 2563 typ.
551 2540 615 2555 «νγ-,ι
635 2531 752 2553 redditae

169 2575 214 2603 12)
236 2573 388 2606 monachus]
409 2574 491 2598 scriba
502 2575 573 2606 falso
594 2575 742 2605 scripserut:
761 2569 931 2598 monarchus3
950 2567 1012 2592 Mel.
1027 2565 1088 2590 bunc
1106 2574 1143 2590 er-

239 2617 316 2632 rorem
337 2609 478 2633 mnendavir.

607 128 719 161 PHlL.
743 127 846 160 MEL.
870 127 1056 160 SCRIPTA
1080 126 1348 158 DOGMA'HCA
1371 125 1428 158 ET
1451 124 1722 159 SYMBOLICA.

2105 127 2169 159 372

1190 219 1274 252 chus
1294 223 1343 260 ¹⁴³)
1366 219 1518 252 Tecelius
1538 221 1572 252 in
1594 220 1647 251 his
1670 220 1862 261 regionibus
1875 220 2013 252 venales
2033 222 2169 253 circum-

1188 262 1301 301 ferret,
1326 270 1359 295 et
1380 264 1414 294 in
1437 273 1550 295 earum
1573 263 1741 304 preconijs
1766 262 1867 294 multa
1889 268 1975 295 tetra
1997 264 2170 296 mendacia

1189 306 1321 338 scurrili
1343 306 1543 347 impudentia
1571 311 1761 347 spargeret,
1790 305 1892 348 officij
1912 307 1996 338 ratio
2016 308 2090 348 pios
2113 307 2170 338 do-

1190 355 1302 381 ctores
1326 350 1486 391 cogebat,
1508 349 1570 380 hos
1599 347 1729 380 furores
1763 349 2016 390 reprimerem)
2059 349 2171 380 Edidit

1190 394 1291 434 igitur
1321 391 1364 422 D.
1389 392 1556 423 Lutherus
1590 392 1837 433 propositiones
1870 392 1924 432 pie
1959 398 1991 424 et
2019 393 2170 424 modeste

1190 436 1334 476 scriptas
1357 436 1399 466 ad
1423 435 1620 466 erudiendas
1639 440 1670 465 et
1696 434 2040 467 commonefaciendas
2053 434 2169 467 Eccle-

1191 479 1258 509 sias
1293 478 1333 509 (16
1366 483 1435 509 tota
1468 478 1619 509 doctrina
1650 478 1881 518 poenitentiae.
1927 478 1987 508 Hic
2019 487 2170 520 pugnare

1190 519 1345 552 Tecelius
1374 521 1496 560 incepit
1529 530 1597 551 non
1628 519 1735 551 solum
1762 519 1918 551 clamosis
1953 522 2169 552 concionibus

1191 569 1223 595 et
1246 574 1381 594 suorum
1405 561 1583 594 satellitum
1607 564 1752 603 scriptiS,
1776 563 1836 594 sed
1859 564 1955 594 etiam
1980 562 2170 595 fulminibus

1193 606 1501 637 condemnationum
1530 612 1562 636 6(
1589 607 1976 637 excommunicationum.
2029 606 2080 637 Ac
2104 607 2170 638 cito

1192 659 1233 681 ex
1257 648 1437 680 Germania
1462 647 1599 679 Romam
1623 648 1750 689 perlata
1775 655 1825 680 est
1848 648 1936 680 fama
1960 648 2077 680 horum
2100 659 2171 680 cer-

1191 692 1360 729 taminum,
1384 692 1476 728 et¹⁴)
1496 691 1580 722 duos
1600 692 1710 723 statim
1733 691 1809 723 belli
1833 693 1944 724 socios
1972 691 2088 723 habuit
2109 691 2170 722 Τ6-

1193 734 1315 772 celius,
1351 734 1478 765 Romae
1504 733 1700 775 Magistrum
1728 733 1845 776 Palatij
1874 741 1905 766 et
1933 735 1966 765 in
1993 734 2172 766 Germania

1193 778 1268 816 [fol.
1292 779 1341 816 41']
1371 777 1526 813 Eccium‚
1549 778 1603 818 qui
1625 776 1747 808 Leonis
1770 777 1901 809 Bullam
1924 777 2027 809 Roma
2052 776 2170 809 attulit.

1191 821 1358 852 Lutherus
1392 820 1469 861 quia
1497 820 1646 850 veritatis
1676 818 1902 851 defensionem
1931 821 2075 862 abijcere
2103 830 2170 851 non

1191 865 1319 905 potuit,
1343 869 1376 894 et
1400 870 1448 893 tot
1483 863 1589 893 modis
1613 862 1813 900 irritabatur,
1837 864 1935 894 edidit
1958 862 2170 894 defensiones

1191 907 1328 948 copiose
1351 906 1505 946 scriptas,
1527 906 1702 946 inquibus,
1725 910 1759 936 vt
1783 915 1956 937 causarum
1979 906 2169 947 magnitudo

1192 958 1224 981 et
1247 950 1391 981 varietas
1424 949 1599 989 poscebat,
1624 948 1664 978 de
1687 947 1798 979 multis
1830 948 1978 990 partibus
2001 948 2173 979 doctrinae

1192 991 1450 1024 Ecclesiasticae
1473 992 1537 1022 dici
1560 1000 1700 1022 necesse
1722 989 1792 1022 fuit.

1279 1035 1362 1066 Cum
1384 1035 1484 1076 igitur
1506 1032 1597 1065 multi
1615 1044 1746 1065 errores
1772 1040 1805 1065 et
1827 1034 1951 1065 abusus
1974 1034 2007 1064 in
2019 1032 2173 1065 Ecclesia

1192 1078 1304 1110 multis
1337 1079 1399 1108 iam
1431 1076 1556 1108 seculis
1591 1075 1761 1115 haereant,
1797 1086 1880 1118 quos
1909 1075 1999 1108 multi
2031 1077 2117 1108 docti
2140 1081 2173 1107 et

1193 1122 1237 1164 pij
1257 1121 1354 1152 etiam
1376 1126 1451 1151 ante
1474 1119 1558 1150 haec
1580 1124 1730 1159 tempora
1753 1126 1785 1150 et
1800 1118 2013 1160 deplorarunt
2037 1125 2067 1150 et
2080 1125 2172 1151 taxa-

1194 1170 1329 1201 uerunt,
1368 1162 1438 1193 fieri
1471 1172 1538 1193 non
1572 1162 1694 1203 potuit,
1729 1163 1870 1203 quin¹⁵)
1908 1162 1941 1193 hi
1976 1172 2108 1193 errores
2142 1167 2175 1194 et

1193 1209 1320 1239 abusus
1346 1205 1686 1246 reprehenderentur,
1721 1215 1794 1236 cum
1824 1205 1865 1236 de
1886 1203 2033 1236 sontibus
2056 1205 2174 1236 harum

1195 1249 1498 1282 controuersiarum
1521 1248 1695 1278 dicendum
1717 1253 1819 1278 esset.

1281 1291 1477 1332 Quanquam
1508 1296 1617 1321 autem
1646 1296 1678 1321 et
1706 1289 1839 1321 fuerunt
1866 1295 1899 1321 et
1929 1296 2006 1321 sunt
2030 1289 2102 1328 [fol.
2125 1289 2173 1328 5³]

1195 1341 1226 1367 et
1266 1340 1361 1367 erunt
1394 1333 1566 1365 dissimilia
1598 1331 1764 1364 hominum
1797 1332 1939 1370 iudicia,
1977 1338 2086 1363 tamen
2117 1341 2174 1363 res

1195 1379 1339 1411 ostendit
1362 1377 1459 1408 deum
1482 1375 1630 1407 voluisse
1650 1374 1798 1416 depulsis
1816 1376 1961 1406 tenebris
1983 1376 2071 1417 apud
2092 1372 2174 1406 mul—

1194 1428 1248 1454 tos
1277 1421 1453 1452 restituere
1485 1419 1699 1450 ministerium
1727 1417 1903 1460 Euangelij
1937 1423 1968 1449 et
1990 1428 2102 1449 veram
2125 1418 2174 1449 in-

1194 1465 1416 1500 11066110116111,
1441 1468 1473 1493 et,
1500 1461 1565 1493 hac
1591 1462 1827 1504 repurgatione
1854 1461 2024 1493 doctrinae
2047 1461 2173 1501 passim

1194 1509 1259 1540 sibi
1281 1513 1450 1538 aeternam
1472 1503 1660 1536 Ecclesiam
1684 1503 1854 1546 colligere.

1279 1550 1350 1581 Nec
1365 1558 1445 1581 vcro
1470 1548 1534 1579 dici
1555 1552 1669 1588 potest
1690 1546 1863 1583 1111110516)
1886 1544 1992 1577 fuisse
2018 1551 2073 1576 aut
2096 1554 2174 1576 esse

1193 1602 1328 1627 errores
1352 1593 1384 1624 in
1407 1592 1568 1628 doctrina,
1592 1595 1624 1621 et
1646 1589 1874 1620 traditionibus
1892 1589 2173 1620 aduersariorum.

1193 1637 1336 1669 Maxime
1360 1634 1586 1666 necessarium
1610 1638 1661 1663 est
1684 1633 1716 1662 in
1739 1631 1893 1664 Ecclesia
1918 1637 2028 1662 extare
2051 1630 2173 1662 doctri-

1192 1691 1269 1712 nam
1292 1680 1333 1710 de
1344 1677 1544 1719 poenitentia
1565 1681 1595 1706 et
1614 1676 1655 1706 de
1673 1675 1737 1706 fide
1750 1675 1932 1715 accipiente
1944 1673 2174 1705 remissionem

1192 1722 1467 1765 peccatorumff)
1493 1720 1717 1759 incorruptam
1751 1724 1782 1748 et
1807 1718 2024 1758 perspicuam.
2070 1715 2173 1747 Mani-

1192 1766 1314 1798 festum
1336 1769 1388 1795 cst
1411 1768 1520 1794 autem
1542 1763 1583 1793 de
1606 1761 1669 1792 hac
1693 1762 1870 1801 praecipua
1883 1765 1977 1801 parte
2001 1759 2173 1790 doctrinae

1192 1808 1455 1840 Ecclesiasticae
1485 1804 1608 1836 multos
1635 1804 1845 1844 perniciosos
1869 1812 2000 1834 errores
2024 1807 2055 1833 et
2077 1800 2172 1843 laby-

1193 1852 1321 1883 rinthos
1344 1850 1428 1880 tradi
1453 1848 1530 1887 [fol.
1554 1847 1606 1886 5⁶]
1631 1853 1661 1877 et
1687 1846 1873 1878 confirmari
1896 1846 1938 1876 ab
1956 1845 2172 1886 aduersarijs.

1193 1895 1313 1926 Extant
1336 1894 1420 1923 enim
1443 1891 1530 1928 libri,
1555 1890 1608 1932 qui
1632 1890 1708 1920 inde
1730 1899 1835 1930 usque
1859 1899 1878 1919 a
1897 1888 2051 1919 trecentis
2076 1887 2172 1918 annis

1191 1939 1226 1970 in
1248 1936 1423 1968 multorum
1445 1933 1597 1966 manibus
1621 1938 1708 1964 sunt.
1759 1932 1890 1968 Quanta
1903 1929 2101 1962 contumelia
2123 1934 2175 1961 est

1193 1981 1355 2012 aduersus
1391 1977 1492 2010 filium
1517 1978 1580 2015 dei,
1617 1977 1705 2018 quod
1736 1975 1848 2006 dicunt
1871 1974 2024 2005 homines
2053 1972 2174 2004 mereri

1193 2023 1422 2055 remissionem
1455 2023 1670 2062 peccatorum
1704 2018 1849 2059 proprijs
1873 2017 2048 2059 operibus,
2071 2021 2103 2047 et
2124 2015 2173 2047 iu-

1193 2074 1265 2099 stos
1279 2075 1356 2097 esse
1374 2063 1563 2105 impletione
1575 2061 1669 2104 legis,
1703 2061 1833 2093 Deinde
1846 2059 2012 2092 cumulant
2030 2067 2170 2089 6110165.

1194 2110 1275 2142 Cum
1288 2117 1384 2140 nemo
1397 2108 1492 2145 sciat,
1505 2107 1637 2148 quando
1657 2105 1737 2136 satis
1756 2103 1878 2135 habeat
1896 2112 2042 2144 operum,
2061 2101 2172 2132 iubent

1196 2257 1241 2289 13)
1262 2253 1421 2288 reprimere]
1441 2254 1477 2278 sic
1495 2253 1561 2277 Cod.
1581 2255 1603 2276 et
1621 2251 1701 2274 Editt.
1721 2248 1798 2272 1—3.
1818 2249 1857 2277 S.;
1884 2251 1945 2271 cett.
1965 2247 2060 2271 Editt.:
2080 2250 2172 2270 taxare

1265 2298 1289 2315 et
1307 2291 1453 2321 reprimere.

1198 2335 1242 2366 14)
1263 2333 1298 2364 et]
1318 2332 1401 2356 scriba
1419 2331 1569 2362 scripserat:
1589 2337 1626 2357 ac,
1645 2327 1710 2360 quod
1720 2326 1782 2350 Mel.
1794 2325 1890 2354 delevit,
1910 2328 1932 2349 et
1944 2323 2131 2357 superscripsit:
2151 2321 2173 2346 &

1197 2377 1244 2408 15)
1264 2375 1337 2408 quin]
1357 2374 1441 2398 scriba
1451 2373 1522 2405 falso
1541 2372 1688 2405 scripserat:
1708 2370 1782 2402 quia,
1801 2368 1863 2392 Mel.
1883 2367 1970 2392 delevit
1990 2367 2099 2391 litteram
2116 2373 2132 2389 a
2151 2369 2173 2390 et

1266 2410 1439 2442 superscripsit
1457 2416 1473 2431 u

1198 2454 1242 2483 16)
1262 2452 1358 2485 nullos]
1384 2450 1466 2476 scriba
1492 2450 1599 2482 primum
1626 2448 1772 2480 scripserat:
1798 2446 1906 2474 multos,
1935 2444 1979 2469 sed
2000 2443 2044 2467 hoc
2065 2442 2173 2467 radendo

1266 2487 1401 2513 emendavit
1419 2488 1456 2509 in:
1476 2484 1569 2508 nullos.

1199 2532 1242 2559 17)
1264 2531 1295 2554 de
1320 2530 1371 2553 fide
1395 2528 1537 2559 accipiente
1565 2526 1740 2550 remissionem
1770 2521 1945 2555 peccatorum]
1973 2520 2032 2545 haec
2058 2519 2118 2544 Mel.
2147 2519 2174 2542 in

1266 2565 1378 2595 maryine
1395 2562 1529 2594 adscripsit
1549 2569 1597 2592 pro
1615 2559 1696 2584 Uerbis
1715 2558 1745 2582 ab
1763 2558 1816 2590 ipso
1835 2558 1860 2581 t'n
1879 2559 1991 2580 contextu
2016 2554 2113 2579 deletis:
2141 2553 2173 2576 de

1266 2599 1416 2622 remissione
1435 2600 1600 2628 peecatorum
