2299 2921
164 93 168 97 *
192 84 252 116 117

188 180 272 208 Mart.
306 180 352 209 14.

305 224 318 250 1
325 222 352 251 6.

309 309 355 336 19.

304 349 359 377 20.

306 392 354 420 21.

305 434 353 462 27.

190 477 285 514 April.
326 478 349 504 1.

304 519 351 548 10.

308 647 354 676 12.

309 691 355 718 17.

308 733 354 760 19.

304 816 353 845 20.

191 902 258 930 Mai.

329 903 339 929 ..-

308 1072 354 1099 19.

304 1113 354 1142 20.

190 1198 253 1228 Iun.
331 1200 355 1227 1.

307 1328 353 1355 10.

309 1371 354 1399 19.

304 1413 354 1441 30.

192 1454 245 1483 Iul.
328 1456 356 1482 3.

307 1498 353 1525 13.

309 1541 354 1568 17.

308 1583 355 1611 18.

307 1668 356 1696 31.

355 1733 360 1738 .
384 1710 553 1738 Melanthon
574 1719 605 1737 se
628 1710 741 1738 confe1t
762 1710 948 1747 Torgaxiam
973 1711 1021 1738 ubi
1045 1715 1231 1738 enarraturus
1251 1714 1293 1738 cst
1316 1710 1345 1737 in
1368 1711 1469 1738 schola
1492 1711 1644 1748 epistolam
1668 1711 1703 1738 ad
1728 1711 1886 1739 Romanos.

349 1773 356 1781 .
378 1753 643 1790 Typographoium
665 1764 678 1779 (-
682 1764 750 1781 1111151
775 1754 965 1789 piwoficiscitui
990 1754 1184 1790 Vitebergam.

306 1796 353 1824 12.

311 1839 358 1866 15.

309 1922 358 1951 20.

306 1965 354 1993 22.

307 2008 356 2038 25.

308 2052 358 2080 30.

309 2095 358 2123 31.

192 2135 272 2175 Sept.

310 2477 357 2505 20.

310 2520 358 2548 24.

329 2139 358 2377 ῨΨΞᾸΞ-’ἿΨΓ

970 82 992 115 Ι.
1038 81 1248 113 ANNALES
1272 81 1416 113 vlTAE.
2132 85 2193 117 118

376 179 479 216 Legati
500 178 631 206 Mauritii
653 177 702 206 Pr.
728 177 871 205 Eleetoris
894 177 969 205 clam
992 177 1146 205 discedunt
1169 187 1184 205 e
1208 182 1353 205 conventu
1373 177 1555 205 Tridentino.

376 221 545 249 Melanthon
568 220 760 258 proficiscitur
782 220 813 247 iu
834 220 971 256 oppidum
996 220 1165 256 Annaberg,
1189 219 1238 247 ubi
1261 220 1404 257 equitem,
1430 228 1516 257 quem
1540 229 1558 247 a
1581 218 1692 248 Senatu
1714 221 1744 248 in
1768 220 1842 249 valle
1865 220 2042 250 Ioachimica
2061 223 2195 252 comitem

410 264 521 292 itineris
543 267 707 300 acceperat,
730 262 857 290 dimittit.

379 307 432 335 Est
452 305 580 343 Lipsiae.

378 349 465 376 Redit
488 348 684 385 Vitebergam.

379 392 467 419 Mittit
489 390 647 418 versiculos
670 390 710 418 de
733 389 840 423 siclo,
864 390 893 417 in
916 390 1019 417 itinere
1040 390 1139 420 factos.

378 434 405 461 A
426 433 596 468 Cranmero,
620 432 853 470 Archiepiscopo
876 431 1024 467 Cantuar.‚
1050 437 1168 461 vocatur
1188 433 1218 460 in
1243 433 1388 469 Angliam.

373 476 525 504 Mauritius
547 475 596 505 Pr.
621 475 712 503 Eleet.
737 475 851 503 obsidet
874 476 1037 511 Augustam
1059 475 1285 510 vindelicorum,
1308 484 1394 512 quam
1418 475 1445 503 d.
1471 476 1498 503 3.
1522 475 1617 512 April.
1641 475 1787 503 deditione
1811 476 1894 512 capit.

375 519 499 547 Ioannes
524 518 690 552 Aurifaber,
714 517 883 554 Theologus
898 517 1128 553 Rostochiensis‚
1153 519 1259 547 missus
1281 528 1300 546 a
1318 518 1402 546 Duce
1415 518 1662 555 Megalopolitano
1682 518 1857 555 Vitebergae
1880 523 1934 554 est,
1957 523 1988 547 ut
2007 519 2043 547 de
2064 520 2197 548 doctrina

413 567 440 589 et
462 561 564 589 ritibus
587 560 783 588 Ecclesiarum
809 560 1088 597 Megapolitauorum
1112 561 1217 588 librum
1236 561 1408 596 conscribat,
1432 561 1548 589 adiutus
1572 561 1695 589 consilio
1716 561 1920 590 Melanthonis.

379 604 575 632 Melanthouis
595 603 651 631 loci
675 603 830 640 theologici
854 604 949 631 denuo
975 603 1098 631 eduntur
1117 604 1292 641 germanice.

378 645 490 684 Copiae
514 646 640 674 Mauritii
666 646 757 674 Elect.
782 645 899 673 Ulmam
923 646 1064 674 obsident.

379 689 549 717 Melanthon
573 689 723 726 promittit⁷
747 698 778 716 se
803 687 964 725 Georgium
988 689 1128 716 Maiorem
1152 690 1180 716 in
1201 689 1363 717 enarranda
1386 688 1513 726 epistola
1536 689 1622 716 Pauli
1645 689 1681 716 ad
1704 689 1850 726 Ephesios
1873 689 2038 717 adiuturum
2062 699 2133 718 esse.

377 730 488 768 Copiae
511 732 640 759 Mauritii
669 730 864 759 Stockachum
895 736 1002 768 petunt.
1060 731 1127 768 Ipse
1160 732 1306 769 profectus
1335 736 1379 759 est
1405 732 1436 759 in
1467 732 1606 768 oppidum
1633 730 1725 767 Linz,
1752 737 1783 760 ut
1811 741 1875 760 cum
1904 732 2089 761 Ferdinaudo
2116 732 2198 770 Rege

413 775 531 810 eiusque
554 774 614 801 filio
638 774 839 801 Maximiliano
859 774 894 801 de
917 782 988 811 paee
1012 780 1088 810 agat.

378 816 549 844 Melanthon
578 817 706 844 editurus
735 821 778 843 est
801 815 938 853 Chytrtei
969 817 1128 843 orationem
1152 817 1187 843 dc
1208 815 1353 851 Hernico,
1382 816 1482 850 Duce,
1512 817 1557 844 cui
1585 817 1717 844 intexere
1748 817 1809 845 vult
1837 818 2031 846 narrationem
2059 818 2094 846 de
2118 818 2198 846 Petri

414 858 492 887 Suav
486 859 553 886 enii
578 858 757 886 liberatione.

347 923 353 930 .
378 901 487 938 Copiae
511 901 639 929 Mauritii
663 907 726 929 sunt
753 900 976 937 Gundeltingae.

380 944 525 981 Exempla
548 944 739 972 confessionis
762 943 927 971 Saxonicac
951 943 1030 970 edita
1053 946 1120 969 suut
1140 941 1285 977 Basiluae,
1308 943 1401 971 inscio
1424 943 1620 971 Melanthone.

381 987 535 1014 Mauritius
557 991 680 1023 occupat
691 986 830 1014 Fuessen.
845 1003 885 1005 —
911 985 1079 1012 Melanthon
1104 984 1212 1018 scribit,
1235 985 1264 1012 in
1279 985 1432 1013 Poloniam
1457 987 1554 1014 vocari
1576 986 1709 1015 homines
1727 987 1848 1016 idoneos
1871 988 1907 1016 ad
1930 988 2090 1016 docendam
2102 987 2201 1016 Evan-

413 1029 483 1065 gelii
502 1029 661 1057 doctrinam
680 1032 862 1065 permittente
886 1036 963 1063 rege.

379 1071 532 1099 Mauritius
553 1077 676 1108 occupat
700 1071 886 1106 Erebcrgum.
935 1069 1037 1097 Ioanni
1060 1069 1210 1098 Friderico
1234 1070 1326 1098 Elect.
1352 1071 1468 1108 captivo
1487 1071 1633 1099 indicatur
1655 1071 1789 1100 liberatio
1813 1082 1849 1100 ex
1868 1073 2042 1110 captivitate.

381 1114 532 1141 Mauritius
559 1123 622 1141 cum
643 1113 771 1141 exercitu
796 1113 979 1149 progreditur
1006 1123 1056 1150 per
1075 1114 1166 1150 Alpes
1189 1112 1397 1150 Oenipontum.
1443 1112 1552 1141 Cacsar
1575 1123 1605 1142 se
1628 1115 1732 1152 recipit
1757 1115 1901 1143 Villacum
1925 1120 1953 1142 ct
1976 1116 2093 1144 dimittit
2115 1115 2202 1143 Ioan-

411 1165 475 1184 nem
499 1156 677 1184 Fridericum
699 1165 735 1183 ex
758 1155 892 1183 vinculis.

378 1198 412 1226 In
436 1199 506 1226 urbe
530 1199 641 1226 Passau
666 1199 818 1226 Mauritius
839 1204 865 1225 e:
887 1197 1087 1225 Ferdinandus
1110 1207 1162 1226 rex
1186 1199 1369 1233 conveniunt,
1394 1204 1425 1226 ut
1443 1199 1479 1226 de
1500 1208 1571 1235 pace
1590 1206 1686 1237 agant.

378 1241 553 1278 Vitebergat·
575 1246 745 1278 grassantur
767 1241 903 1277 contagia
925 1241 989 1269 luis.
1013 1246 1041 1268 et
1060 1241 1221 1268 Academia
1244 1241 1383 1269 deliberat
1406 1242 1441 1269 de
1464 1251 1588 1270 secessu.

378 1284 517 1312 Albertus
538 1284 669 1312 Marchio
688 1284 852 1312 Brandenb.
877 1283 991 1311 obsidet
1014 1283 1238 1320 Nminbmgam,
1262 1290 1291 1311 ct
1314 1284 1379 1311 Rex
1401 1283 1518 1312 Galliae
1542 1284 1660 1313 Caesari
1685 1285 1790 1313 bellum
1814 1285 1906 1314 infert..

377 1325 501 1354 Senatus
522 1326 730 1363 Torgaviensis
755 1327 841 1354 offert
864 1326 1040 1354 Academiae
1062 1326 1266 1363 Vitebergensi
1288 1327 1455 1363 hospitium.

379 1369 547 1397 Melanthon
571 1374 730 1406 occupatur
752 1370 781 1396 iu
804 1369 963 1396 retexendo
987 1369 1060 1396 libro
1083 1369 1118 1396 de
1139 1370 1246 1397 anima.

378 1412 482 1440 Prodit
504 1411 700 1440 Melanthonis
720 1412 844 1440 oratio
867 1412 908 1438 dc
931 1411 1131 1448 Capnione.

380 1455 447 1482 Mel.
472 1455 571 1482 scribit
594 1455 733 1482 adversus
756 1454 933 1482 Osiandrum
958 1454 1047 1481 latino
1068 1463 1208 1482 sermone.

377 1496 515 1533 Hospitia
534 1498 647 1533 (1111111111Ἰ
665 1497 836 1534 Torgariae,
861 1507 918 1533 quo
941 1497 1102 1525 Academia
1125 1506 1156 1524 se
1178 1496 1289 1524 confert
1310 1502 1428 1535 propter
1451 1498 1527 1526 luem
1552 1497 1728 1535 Vitebergae
1751 1504 1942 1535 grassantem.

377 1539 540 1576 Torgaviae
563 1540 704 1576 incipiunt
727 1540 937 1576 praelectiones
959 1540 1150 1567 academicae.

379 1581 467 1609 Liber
485 1582 521 1609 de
544 1582 637 1609 forma
660 1581 856 1610 Ecclesiarum
880 1582 1159 1619 Megapolitanarum
1183 1582 1333 1610 absolutus
1357 1588 1408 1611 est.

378 1624 513 1652 Exeume
532 1634 631 1653 mense
653 1624 765 1652 familia
787 1624 983 1653 Melanthonis
1005 1634 1036 1654 se
1060 1625 1170 1653 confert
1192 1625 1378 1662 Torgaviam.

382 1668 445 1695 Pax
468 1668 544 1695 iuter
565 1667 731 1695 Mauritium
755 1673 782 1695 et
800 1667 965 1696 Caesarem.

376 1795 463 1823 Redit
484 1796 691 1843 Forgaxiain

382 1837 453 1865 Loci
477 1839 636 1875 germanici
661 1828 766 1876 typis
763 1836 972 1866 xscribuntur
1000 1855 1034 1859 -—
1062 1837 1225 1865 Occasione
1249 1838 1317 1866 data
1339 1838 1375 1866 ab
1399 1837 1544 1866 Osiandro
1567 1840 1670 1866 iterum
1692 1843 1798 1866 tractat
1821 1839 1982 1867 doctrinam
2004 1839 2040 1867 de
2062 1847 2200 1876 persona-

415 1890 479 1908 ium
502 1881 531 1908 in
554 1880 619 1908 Deo
643 1881 818 1916 discrimine,
840 1882 963 1918 ideoque
986 1881 1226 1917 interpr-zettturus
1246 1886 1290 1909 est
1312 1880 1417 1909 Iustini
1436 1882 1541 1909 librum
1564 1882 1600 1909 de
1618 1881 1709 1909 tribus
1730 1882 1863 1918 personis
1887 1883 1915 1909 in
1940 1881 2015 1910 Deo.

380 1922 595 1951 Praefationem
617 1924 646 1950 in
670 1923 843 1961 Haggaeum
865 1925 895 1951 in
914 1924 1048 1952 manibus
1070 1923 1166 1951 habet.

378 1965 508 2002 Lipsiam
533 1966 726 2003 proficiscitur
748 1967 784 2002 ad
808 1966 1007 1995 Camerarium
1030 1967 1121 2003 (unde
1139 1966 1224 1994 rediit
1247 1966 1432 2004 Vitebcrgam
1453 1971 1478 1994 et
1503 1967 1543 1995 ibi
1562 1971 1756 1995 commoratus
1780 1972 1823 1994 est
1846 1975 1937 2003 usque
1960 1967 1997 1994 ad
2024 1967 2068 1995 13.
2095 1965 2200 2005 Sept.).

380 2008 503 2036 Carolus
527 2008 689 2045 Imperator
711 2009 837 2037 restituit
859 2009 997 2037 Senatum
1016 2011 1231 2046 Augustanum‚
1256 2014 1283 2036 et
1306 2010 1456 2046 permittit,
1480 2014 1510 2038 ut
1533 2010 1656 2038 ministri
1680 2010 1770 2048 priori
1789 2009 1883 2038 forma
1903 2019 2051 2038 sacrorum
2074 2014 2203 2039 utantur.

382 2050 506 2080 Chartas
530 2052 745 2079 enarrationum
765 2051 884 2080 Lutheri
907 2053 937 2080 in
959 2051 1091 2080 Genesin
1110 2052 1222 2079 mittere
1245 2052 1306 2080 vult
1329 2052 1553 2090 Norinbergam.

381 2092 503 2131 Stigelio
522 2094 621 2122 scribit
644 2095 679 2122 de
702 2095 793 2123 tribus
816 2096 949 2131 personis
971 2096 1001 2123 iu
1024 2095 1182 2122 divinitate.

383 2134 505 2164 Carolus
528 2136 638 2165 Caesar
659 2138 793 2174 Augusta
816 2137 991 2165 Vindelicor.
1016 2138 1147 2165 discedit.

380 2179 506 2207 Ioannes
527 2179 701 2215 Fridericus,
724 2180 795 2208 Dux
818 2179 888 2209 Sax.
912 2181 1013 2214 Iilect,⁷
1036 2181 1091 2207 iter
1114 2180 1230 2208 domum
1253 2180 1420 2218 ingreditur.

381 2221 490 2251 caesar
514 2222 592 2249 veuit
614 2221 742 2250 Ulmam.

381 2264 535 2302 Philippus
557 2264 758 2302 Landgravius
780 2265 905 2294 Hassiae
927 2265 1000 2293 liber
1022 2265 1184 2292 dimittitur.

382 2307 553 2335 Melanthon
573 2308 748 2345 Vitebergac
771 2314 814 2336 est
836 2308 1084 2346 typographorum
1109 2316 1205 2336 causa.

381 2349 550 2378 Melanthon
570 2356 597 2378 et
620 2352 727 2379 caeteri
748 2351 892 2388 Theologi
912 2351 1135 2388 Vitebergenses
1156 2350 1265 2388 scripto
1288 2351 1415 2380 salutant
1438 2351 1578 2380 Ioannem
1600 2351 1789 2379 Fridericum.
1835 2350 1922 2388 (Eius
1945 2358 2117 2388 responsum
2140 2351 2202 2380 vid.

417 2392 444 2420 d.
471 2393 520 2420 17.
544 2391 623 2431 Oct.)

384 2434 553 2463 Melanthon
574 2436 677 2465 iterum
701 2436 774 2464 redit
794 2437 982 2474 Torgaviam.

382 2476 491 2505 Caesar
509 2477 736 2515 Argentoratum
759 2479 856 2514 intrat,
880 2479 957 2507 unde
979 2479 1074 2516 pergit
1095 2479 1124 2506 in
1147 2477 1367 2516 Lotharingiam
1388 2488 1453 2508 cum
1473 2479 1611 2507 exercitu.

383 2519 529 2557 Georgius
552 2521 645 2550 Maior
669 2528 789 2550 vocatur
810 2523 840 2550 in
863 2522 1053 2552 Academiam
1075 2521 1320 2558 Vitebergensem.
1560 2530 1565 2534 ’
