2299 2921
784 127 969 174 PlilLlPPi
992 127 1307 159 MELANTHONIS
1332 127 1491 160 OPERA.
2093 127 2136 159 56

135 225 209 256 Dec.
254 227 302 255 21.
326 226 395 255 Mel.
418 226 535 254 nomine
558 225 727 262 Principum
750 224 906 261 respondet
928 223 1021 251 Paulo
1045 223 1193 260 Vergerio.

254 270 303 298 22.
326 269 510 307 Responsum
532 269 568 296 ad
591 268 717 305 legatum
741 266 896 296 Gallicum.

255 313 303 341 24.
328 312 393 340 Mel.
415 312 451 339 ad
474 311 686 340 Camerarium:
708 310 793 347 plane
815 309 918 336 falsam
943 317 1006 336 esse
1029 308 1146 343 famam,
1167 307 1328 337 Lutherum
1346 309 1485 337 alieniore
1504 318 1567 338 esse
1590 310 1687 337 animo
1711 318 1782 347 erga
1801 310 1896 346 ipsum
1918 311 2036 346 propter
2057 306 2140 337 locos

363 354 449 382 theol.
473 363 565 391 nuper
586 354 687 381 editos.

328 396 430 425 Oratio
453 397 614 433 legatorum
640 395 726 432 Angl.
750 395 785 422 ad
808 394 959 431 Principes
982 393 1156 422 foederatos.

256 441 304 469 25.
328 440 519 477 Respondent
540 438 692 475 Principes
715 437 818 473 legatis
842 436 932 474 Regis
956 436 1089 474 Angliae.

329 483 395 510 Mel.
420 487 545 509 exeunte
570 490 647 508 anno
670 480 745 508 redit
766 479 875 507 [cnam.

328 525 395 553 Hoc
418 534 495 552 anno
519 525 664 552 enarravit
687 521 837 550 Ciceronis
861 528 932 550 orat.
956 532 1009 559 pro
1033 522 1154 551 Milone.
1195 521 1255 557 (Cf.
1281 522 1374 551 Riecii
1398 528 1470 551 orat.
1495 521 1589 551 Cicer.
1613 523 1649 551 T.
1672 523 1696 552 Ι.
1720 533 1747 561 p.
1774 523 1858 559 286.)

978 648 1009 679 A
1021 648 1050 678 N
1063 648 1091 679 N
1106 648 1134 679 Ο
1171 648 1188 679 l
1202 649 1222 678 5
1234 647 1254 679 3
1266 648 1297 679 6.

140 739 198 767 Ian.
326 737 392 765 Mel.
418 737 444 764 d.
474 739 498 764 1.
524 736 584 764 Ian.
608 736 712 763 iterum
735 740 778 763 est
802 734 898 764 lenae.

258 781 303 809 13.
326 780 392 808 Mel.
414 780 444 807 in
468 789 533 806 arce
555 778 781 815 Leuchtenburg
804 779 964 814 interrogat
987 778 1204 815 Anabaptistas.

258 825 305 852 15.
329 822 397 851 Mel.
422 823 616 859 proficiscitur
640 821 826 858 Vitebergam
850 828 880 848 ut
903 821 1084 858 colloquatur
1107 831 1170 849 cum
1193 820 1297 858 legatis
1320 820 1411 857 Regis
1436 821 1571 857 Angliae.

258 867 304 895 19.
329 866 438 893 Narrat
461 865 592 901 Principi
614 864 751 897 Electori,
776 864 845 901 quid
869 864 959 901 egerit
983 874 1047 891 cum
1072 864 1283 901 Anabaptistis.

256 909 303 938 2⁶2.
329 909 374 936 De
399 908 457 935 vita
479 908 573 935 aulica
594 907 693 935 scribit
715 908 750 934 ad
773 906 874 934 Franc.
899 906 1108 935 Burchardum.

328 951 463 979 Exeunte
487 950 623 978 Ianuario
647 950 722 977 redit
745 950 855 977 lenam.

139 994 223 1023 Febr.
330 994 453 1022 Ineunte
478 993 561 1021 Febr.
585 994 687 1030 incipit
710 993 836 1021 scribere
859 993 998 1020 adversus
1022 992 1238 1029 Anabaptistas.

226 1039 253 1066 5.
280 1037 306 1066 6.
331 1036 442 1064 Narrat
466 1037 533 1073 quid
557 1041 625 1073 agat
649 1046 712 1063 cum
737 1036 840 1072 legatis
865 1035 951 1072 Angl.
975 1052 1016 1055 —
1040 1034 1201 1064 Consilium
1225 1035 1303 1072 capit
1324 1036 1359 1063 de
1381 1035 1483 1063 itinere
1506 1034 1641 1062 faciendo
1664 1034 1693 1062 in
1718 1033 1850 1071 patriam.

258 1082 306 1109 11.
330 1080 402 1107 Iena
425 1079 548 1107 discedit
570 1079 684 1114 iterum,
707 1079 757 1106 sed
779 1078 819 1106 ibi
840 1078 948 1106 relictis
971 1087 1063 1106 uxore
1087 1082 1115 1106 et
1137 1078 1246 1113 liberis,
1270 1082 1409 1106 retractus
1432 1078 1618 1115 Vitebergam
1641 1077 1677 1105 ab
1702 1076 1833 1114 Anglicis
1855 1076 1988 1113 negotiis.

259 1125 306 1152 13.
332 1122 518 1159 Vitebergam
543 1123 620 1150 venit
644 1121 718 1149 male
742 1122 846 1149 affecto
870 1131 992 1158 corpore
1014 1126 1133 1158 propter
1155 1121 1271 1158 frigoris
1294 1121 1451 1149 saevitiam.

330 1165 419 1193 Dolet
442 1165 476 1192 dc
501 1165 625 1202 epistola
649 1165 863 1192 vehementiore
881 1163 1001 1192 Lutheri
1022 1164 1162 1191 adversus
1185 1164 1365 1201 Archiepisc.
1388 1163 1602 1200 Moguntinum.

258 1209 305 1237 27.
330 1209 446 1245 Torgae
470 1213 521 1242 est,
544 1208 592 1235 ubi
615 1207 795 1235 celebrantur
818 1208 934 1244 nuptiae
950 1206 1089 1244 Philippi,
1114 1207 1204 1235 Ducis
1216 1207 1416 1240 Pomcraniae,
1439 1215 1503 1234 cum
1516 1206 1620 1240 Maria,
1643 1213 1742 1233 sorore
1756 1203 1847 1233 Ducis
1867 1203 2142 1233 Saxon.Elect0ris.

330 1251 406 1279 Toto
428 1251 482 1278 hoc
507 1260 604 1278 mense
628 1255 710 1278 erant
733 1250 878 1286 colloquia
900 1250 1151 1286 Vitebergensium
1175 1259 1239 1277 cum
1263 1249 1368 1286 legatis
1390 1249 1481 1285 Regis
1504 1248 1640 1285 Angliae.

142 1295 230 1323 Mart.
266 1295 313 1322 10.
337 1292 466 1329 Georgio
490 1293 620 1330 Principi
643 1293 803 1321 Anhaltino
826 1293 913 1320 mittit
934 1301 1048 1319 carmen
1072 1292 1108 1320 de
1131 1293 1214 1320 icone
1237 1291 1279 1320 St.
1303 1290 1438 1328 Georgii,
1463 1296 1491 1318 et
1513 1291 1669 1328 promittit,
1698 1299 1729 1318 se
1753 1290 1833 1317 brevi
1855 1290 2009 1318 missurum
2032 1298 2096 1318 esse
2116 1294 2145 1318 et

365 1336 569 1374 Christophori
592 1336 772 1373 allegoriam.

257 1379 305 1408 12.
328 1379 432 1416 Legati
456 1379 546 1417 Regis
570 1379 658 1416 Angl.
680 1378 857 1415 respondent
880 1378 916 1406 ad
939 1377 1085 1411 articulos,
1109 1378 1158 1415 qui
1181 1378 1208 1405 d.
1235 1378 1283 1405 25.
1308 1376 1377 1405 Dec.
1400 1377 1471 1413 ipsis
1494 1376 1637 1414 propositi
1659 1375 1780 1403 fuerant.

259 1424 307 1450 30.
332 1421 470 1450 Nondum
493 1427 536 1450 est
559 1422 691 1450 absoluta
715 1422 873 1458 disputatio
897 1431 961 1448 cum
985 1421 1090 1458 legatis
1112 1420 1247 1457 Anglicis
1270 1421 1306 1448 de
1329 1420 1468 1448 doctrina.

143 1465 236 1504 Apn'l.
281 1467 308 1494 7.
333 1463 517 1502 Colloquium
539 1465 638 1501 Papae
663 1474 726 1492 cum
751 1464 887 1499 Caesare,
911 1464 960 1501 qui
982 1474 1046 1491 eum
1069 1464 1211 1498 hortatur,
1235 1468 1265 1491 ut
1288 1464 1376 1491 armis
1399 1468 1496 1491 utatur
1519 1462 1659 1490 adversus
1682 1460 1889 1489 Protestantes.

260 1510 306 1536 11.
331 1507 436 1537 Scribit
460 1509 497 1536 ad
519 1507 698 1545 Philippum,
721 1506 898 1544 Landgrav.,
922 1507 958 1535 de
981 1507 1079 1535 futuro
1102 1510 1247 1535 conventu
1270 1505 1378 1534 Buceri
1401 1515 1465 1534 cun.
1487 1504 1627 1533 Luthero.
1672 1503 1765 1533 Simul
1788 1503 1970 1531 commendat
1992 1502 2145 1531 Eobanum

366 1550 504 1579 Hessum.

261 1594 308 1623 24.
332 1593 436 1631 Legati
459 1594 550 1631 Regis
573 1593 698 1630 Angliae
721 1593 902 1620 dimittuntur
924 1603 942 1621 a
962 1593 1096 1630 Principe
1117 1592 1262 1621 Electore.

330 1634 499 1665 Conventus
523 1636 753 1665 protestantium
777 1636 963 1664 Francofurti
986 1640 1092 1673 (usque
1115 1637 1151 1664 ad
1175 1636 1202 1665 d.
1230 1636 1275 1663 10.
1298 1635 1392 1672 Maii),
1416 1634 1465 1661 ubi
1487 1633 1589 1661 foedus
1608 1631 1869 1661 Schmalcaldicum
1888 1632 1919 1660 in
1936 1631 2036 1658 decem
2053 1637 2146 1659 annos

365 1681 538 1708 extenditur.

142 1723 209 1752 Mai.
282 1724 308 1751 7.
333 1723 400 1750 Mel.
425 1723 554 1760 Lipsiam
579 1722 771 1759 proficiscitur
794 1722 830 1749 ad
853 1723 1006 1750 nundinas.

261 1767 307 1794 11.
331 1765 449 1803 Lipsiae
473 1766 577 1802 accipit
599 1765 698 1792 literas
721 1764 813 1792 Ducis
838 1764 1058 1801 Wurtemberg„
1083 1765 1187 1802 quibus
1211 1770 1328 1792 vocatur
1351 1762 1516 1798 Tubingam
1540 1761 1577 1789 ad
1600 1761 1806 1788 instituendam
1829 1759 2026 1788 Academiam.

261 1808 307 1836 12.
331 1808 449 1845 Lipsiae
473 1818 536 1836 sese
560 1813 679 1835 excusat
703 1808 825 1835 Erasmo
849 1807 1056 1842 Roterodamo,
1080 1809 1128 1843 qui
1151 1817 1182 1835 se
1204 1817 1222 1834 a
1244 1806 1430 1834 Melanthone
1453 1813 1545 1841 nuper
1567 1808 1699 1831 taxatum
1724 1812 1787 1832 esse
1810 1803 1991 1840 opinabatur.

260 1852 307 1879 13.
331 1850 432 1888 Lipsia
456 1851 579 1878 discedit.
602 1850 799 1886 Vitebergum.

260 1893 308 1922 21.
332 1894 463 1922 Bucerus
486 1903 550 1921 cum
574 1892 716 1929 Capitone
740 1898 765 1920 ct
785 1893 850 1921 aliis
873 1893 1016 1929 theologis
1039 1892 1215 1921 Germaniae
1237 1892 1396 1929 superioris
1420 1891 1509 1918 intrat
1532 1889 1727 1927 Vitebergam.

259 1937 307 1965 26.
332 1935 439 1964 But-eri
463 1942 490 1964 et
514 1946 633 1964 suorum
657 1936 803 1972 colloquia
826 1945 890 1963 cum
912 1935 1041 1963 Luthero
1065 1942 1093 1963 et
1118 1935 1372 1972 Vitebergensibus
1394 1934 1430 1962 de
1453 1942 1537 1961 sacra
1560 1942 1658 1961 coena.

260 1980 309 2009 213.
335 1980 465 2008 Bucerus
490 1984 517 2006 et.
540 1977 646 2016 Capito
670 1983 788 2005 utuntur
812 1987 894 2006 sacra
918 1988 1011 2006 coena
1035 1978 1219 2015 Vitebergae.

261 2023 309 2051 29.
334 2023 479 2059 Theologi
502 2022 649 2057 utriusque
673 2022 763 2058 partis
786 2021 970 2049 subscribunt
993 2021 1134 2049 formulae
1158 2021 1339 2055 concordiae,
1363 2030 1380 2048 a
1403 2020 1591 2047 Melanthone
1614 2019 1748 2056 scriptae.

262 2066 309 2094 31.
334 2065 402 2092 Mel.
421 2065 603 2093 commendat
627 2063 764 2091 Stratium
788 2064 927 2099 Henrico,
952 2064 1026 2100 Regi
1050 2063 1183 2100 Angliae.

146 2108 210 2137 Iun.
284 2107 309 2136 2.
334 2107 474 2136 Indicitur
498 2118 515 2135 a
537 2107 681 2135 Pontifice
704 2107 837 2134 Romano
860 2107 1013 2134 concilium
1036 2107 1062 2134 d.
1098 2108 1144 2134 13.
1169 2107 1238 2134 Maii
1263 2107 1399 2134 Mantuae
1423 2105 1595 2133 habendum.

282 2152 310 2179 9.
334 2151 401 2179 Mel.
427 2151 525 2179 scribit
543 2149 710 2179 Camerario
735 2154 869 2177 eventum
893 2150 1030 2186 colloquii
1053 2160 1116 2177 cum
1136 2150 1258 2177 Buccro.
1277 2166 1315 2170 —-
1338 2147 1431 2176 Omne
1450 2148 1595 2176 abiecerat
1614 2146 1766 2175 consilium
1790 2146 1826 2173 de
1843 2145 1948 2173 itinere
1965 2143 2146 2181 inAngliam

371 2194 512 2221 faciendo.

262 2237 310 2264 14.
334 2235 465 2273 Lipsiam
489 2246 553 2264 cum
576 2236 698 2272 coniuge
722 2235 923 2272 proficiscitur.

336 2279 487 2307 Praefatur
509 2279 538 2306 in
560 2279 778 2306 Arithmeticam
802 2278 839 2305 ad
862 2277 973 2305 Iustum
998 2277 1109 2313 Ionam,
1129 2277 1230 2306 fflium.

147 2321 201 2350 Iul.
280 2323 307 2351 4.
332 2322 401 2350 Vito
424 2322 580 2350 Theodoro
604 2322 675 2349 dicit
698 2321 766 2358 quid
789 2321 850 2357 spei
869 2321 975 2348 habeat
995 2321 1030 2348 de
1051 2321 1207 2349 concordia
1230 2329 1294 2348 cum
1318 2319 1442 2348 Bucero.

265 2366 310 2393 11.
335 2365 475 2394 Erasmus
498 2365 618 2392 moritur
638 2363 778 2392 Basileae.

266 2408 312 2436 17.
337 2407 403 2434 Mel.
429 2412 620 2435 commeatum
642 2406 714 2444 petit
735 2416 753 2434 a
776 2406 914 2443 Principe
938 2406 1072 2433 Electore
1095 2406 1132 2433 ad
1155 2406 1210 2434 iter
1232 2405 1397 2433 faciendum
1418 2405 1447 2433 in
1467 2404 1671 2432 Palatinatum.

266 2451 311 2478 18.
336 2450 452 2487 Accipit
475 2454 677 2484 commeatum,
699 2449 750 2477 sed
768 2449 907 2477 retinetur
930 2449 1025 2476 adhuc
1048 2458 1066 2475 a
1089 2449 1350 2477 consultationibus
1369 2448 1509 2476 faciendis
1533 2447 1568 2475 de
1591 2444 1709 2483 Synodo
1733 2455 1751 2472 a
1774 2445 1856 2481 Papa
1876 2443 1996 2472 indicta.

266 2493 314 2521 26.
338 2492 478 2529 Princeps
499 2493 616 2520 Elector
641 2492 894 2529 Vitebergensium
916 2492 1013 2529 poscit
1035 2492 1208 2519 sententiam
1231 2492 1267 2519 de
1285 2489 1403 2528 Synodo
1426 2490 1592 2518 Pontificia.

266 2536 314 2564 31.
338 2535 404 2563 Mel.
431 2536 637 2563 divinationem
660 2535 821 2562 futurorum
844 2534 974 2562 defendit
996 2535 1136 2562 adversus
1159 2534 1319 2563 Camerarii
1344 2534 1529 2562 obiectiones.

150 2580 226 2616 Aug.
341 2577 462 2605 Ineunte
485 2581 558 2616 Aug.
581 2577 728 2616 praefatur
750 2578 779 2605 in
804 2576 1004 2606 Geometriam
1029 2577 1065 2605 ad
1089 2576 1168 2605 Guil.
1192 2576 1390 2606 Reiffenstein.
