2299 2921
129 103 192 135 251
794 103 982 136 PHILIPPI
1003 103 1322 137 MELANTHONIS
1346 104 1508 138 OPERA.
2073 110 2138 143 252

172 198 292 235 Inspexi
312 198 451 236 pleraque
472 207 553 236 quae.
578 199 616 235 V,
642 200 712 229 342.

172 241 312 277 Queritur
334 241 466 270 Ecclesia
487 242 555 277 Dei,
577 251 609 270 se
632 242 759 271 exulare.
787 241 842 277 IX,
868 243 939 272 751.

172 282 269 322 Saepe
290 284 381 312 recito
400 294 513 312 versum
535 285 732 314 Homericum.
763 285 818 319 IX,
841 286 912 315 379.

172 325 349 364 Saepissime
369 328 459 355 recito
485 327 602 356 dulciss.
626 336 748 357 versum.
773 327 857 363 VIII,
877 329 948 358 848.

128 369 371 403 Burchardo,
393 370 540 399 Franc:

173 412 356 441 Adolescens
381 417 424 440 est
445 411 572 449 Lipsiae.
597 411 650 447 IV,
676 413 746 442 871.

174 454 298 484 Gratum
321 455 391 483 mihi
414 455 478 489 fuit,
500 455 577 490 quod
601 455 643 482 vir
665 455 776 486 doctus.
801 455 870 491 VII,
893 456 963 485 251.

170 497 268 525 Hodie
291 497 389 525 literas
412 497 477 525 dedi
500 497 616 527 Iacobo.
642 497 681 532 ΙΙ,
706 499 776 528 794.

172 540 385 568 Iucundissima
408 540 478 567 mihi
501 540 555 567 fuit
577 541 760 577 significatio.
783 540 837 576 III,
862 541 910 571 22.

171 583 257 610 Multi
279 582 371 610 sciunt
393 588 460 610 ante
483 583 567 612 hanc.
592 583 660 618 VII,
686 584 757 613 336.

171 625 240 653 Non
263 629 374 653 tantum
391 625 421 652 in
445 625 499 653 hac
522 626 636 655 vicinia.
662 626 714 661 VI,
742 627 813 656 556.

128 668 302 701 Burenio,
325 668 514 695 Arnoldo:

170 710 257 747 Quod
280 710 351 738 felix
374 710 529 747 faustumq.
553 711 600 746 sit,
623 712 697 740 redit
719 712 756 740 ad
779 721 842 742 nos.
866 712 907 748 Π,
930 713 1000 742 865.

172 753 258 789 Quod
281 754 374 782 rarius
399 754 435 781 ad
458 759 486 781 te
510 754 614 783 scribo.
639 754 679 790 ΙΙ,
704 755 774 785 701.

170 796 264 824 Valde
287 801 489 825 consternatus
512 806 585 826 sum.
611 797 663 833 IV,
688 798 760 827 756.

126 839 431 873 Buscoducensi‚
455 839 632 868 Henrico:

170 881 243 910 Cum
271 891 330 910 non
353 882 489 910 haberem
518 882 665 912 historica.
697 883 780 918 VIII,
804 884 875 913 539.

170 925 300 953 Fuerunt
323 925 370 952 hic
392 924 429 953 D.
454 924 552 954 Ioach.
577 925 693 955 Morlin.
718 925 774 961 IX,
795 927 844 956 88.

170 968 237 996 Hoc
260 972 389 1005 tempore
411 977 465 995 nec
485 968 631 996 historica.
654 968 710 1003 IX,
738 970 806 998 110.

170 1010 206 1039 In
228 1010 283 1038 hac
305 1010 479 1040 turbulenta.
506 1011 588 1045 VIII,
613 1012 684 1040 771.

169 1053 204 1081 In
227 1053 381 1081 Pannonia
402 1054 459 1081 duo
485 1054 640 1083 exercitus.
666 1054 751 1089 VIII,
776 1055 845 1083 876.

169 1096 304 1125 Psalmos
325 1095 449 1124 Davidis
474 1097 611 1126 redditos.
636 1097 692 1132 IX,
719 1097 786 1126 156.

170 1139 236 1174 Quo
259 1148 313 1167 nos
332 1138 392 1166 fata
408 1139 532 1168 trahent.
558 1139 614 1174 IX,
649 1141 717 1169 197.

168 1181 236 1210 Scio
260 1186 371 1219 gratam
402 1191 465 1209 esse
489 1182 628 1219 RegibuS.
654 1182 710 1217 IX,
740 1184 809 1212 130.

170 1223 273 1253 Studia
295 1225 461 1252 academiae
484 1230 520 1254 et.
545 1224 630 1260 VIII,
652 1227 722 1255 741.

127 1267 422 1302 Buscoducensi,
445 1267 584 1297 NicoL:

170 1310 244 1340 Cum
268 1310 314 1337 hic
338 1310 450 1337 iuvenis
473 1315 593 1347 peteret.
620 1311 655 1345 V,
684 1311 751 1340 165.

171 1353 235 1382 Etsi
258 1362 365 1390 magno
388 1353 418 1380 in
440 1353 529 1382 luctu.
561 1353 613 1389 VI,
638 1354 686 1382 84.

171 1395 240 1424 Nou
262 1396 365 1432 ignara
387 1395 465 1430 mali,
489 1397 602 1424 miseris
626 1405 795 1424 succurrere
824 1396 914 1426 disco.
939 1395 980 1431 X,
1004 1396 1032 1426 6.

170 1438 239 1466 Non
263 1448 326 1467 sum
350 1438 474 1467 St‘oicus.
500 1439 552 1473 VI,
578 1440 649 1468 537.

170 1481 264 1519 Saepe
287 1482 342 1509 hoc
362 1481 440 1511 belli.
463 1481 500 1516 V,
528 1484 597 1511 111.

129 1565 334 1601 Caesareo,
358 1576 380 1595 s.
407 1565 596 1602 Caesario,
617 1567 763 1595 Ioanni:

170 1610 350 1639 Commendo
375 1609 425 1637 tibi
449 1610 526 1637 hunc
545 1611 688 1639 iuvenem.
714 1610 755 1645 X,
777 1611 804 1639 6.

172 1653 237 1681 Etsi
260 1653 296 1681 de
318 1652 374 1680 fide
394 1656 422 1680 et
441 1654 614 1682 constantia.
639 1652 679 1689 X,
702 1654 752 1683 65.

173 1695 253 1724 Hinc
276 1695 326 1724 ubi
348 1695 485 1726 collectis.
507 1696 559 1731 IV,
584 1696 654 1726 639.

173 1738 277 1775 Nuper
296 1739 395 1776 accepi
417 1739 515 1768 literas
537 1745 611 1769 tuas.
635 1739 675 1775 X,
700 1740 748 1768 68.

172 1781 260 1817 Quod
282 1782 312 1809 in
335 1783 472 1810 maximis
495 1783 744 1819 occupationibus.
768 1782 809 1817 X,
834 1782 881 1811 66.

172 1823 205 1853 Si
228 1834 286 1852 non
310 1825 417 1852 veritus
441 1825 568 1854 fuissem.
590 1825 630 1860 X,
656 1825 705 1853 66.

171 1866 213 1895 Ut
235 1872 301 1904 post
323 1867 476 1904 praelium,
500 1868 549 1897 ita.
584 1867 621 1902 V,
650 1868 717 1897 148.

130 1908 305 1945 Calvino,
328 1909 480 1937 Ioanni:

173 1953 314 1989 Collegae
336 1953 429 1980 nostri
447 1959 610 1990 postquam.
634 1953 690 1988 IX,
713 1953 784 1982 328.

173 1995 219 2024 Ex
242 1995 377 2024 nundinis
400 1995 719 2024 Francofordiensibus.
753 1996 790 2031 V,
817 1996 884 2024 107.

173 2037 247 2075 Legi
270 2039 408 2076 scriptum
431 2043 521 2073 tuum,
543 2039 572 2066 in
592 2048 658 2076 quo.
684 2039 769 2074 VIII,
794 2038 864 2068 362.

173 2080 270 2119 Saepe
292 2082 329 2109 ad
351 2086 379 2109 te
402 2082 567 2117 scriberem,
591 2083 624 2111 si.
649 2082 718 2117 VII,
744 2082 836 2111 1085.

173 2122 241 2152 Scio
266 2129 294 2152 te
314 2133 366 2161 pro
385 2128 436 2152 tua
458 2125 623 2154 excellenti.
648 2125 734 2159 VIII,
758 2124 829 2154 482.

131 2165 372 2195 Cameniceno
396 2165 554 2204 (Sacensi)⁷
578 2167 729 2196 Iacobo:

173 2210 278 2238 Aderit
300 2210 352 2238 tibi
375 2210 451 2238 filius
474 2210 541 2239 Dei.
577 2210 646 2245 VII,
671 2211 741 2240 811.

175 2253 214 2280 Et
241 2257 327 2280 antea
353 2253 476 2281 brew'ter
499 2254 644 2290 respondi.
670 2253 740 2288 VII,
765 2253 836 2282 610.

175 2293 308 2323 Sciebam
331 2296 388 2333 piis
410 2296 566 2323 lectoribus
590 2297 660 2325 Viti.
694 2296 764 2332 VII,
789 2295 860 2325 792.

174 2336 267 2375 Spero
285 2343 312 2366 te
335 2342 385 2366 tuo
409 2339 525 2368 iudicio.
549 2339 616 2374 VII,
641 2340 711 2368 659.

132 2379 345 2409 camerario
368 2381 730 2418 (Cammermeister),
751 2381 994 2419 Hieronymo:

176 2424 250 2460 Ego,
274 2425 312 2451 mi
335 2423 372 2451 D.
394 2424 442 2459 H.,
466 2425 551 2461 cupio
574 2434 651 2453 sane.
675 2425 698 2459 Ι,
723 2425 794 2453 829.

176 2467 228 2494 Est
251 2467 297 2494 hic
317 2466 487 2495 adolescens
512 2467 628 2504 quidam
647 2468 682 2495 ab
705 2467 871 2496 Hanhofen.
905 2466 929 2503 Ι,
953 2466 1023 2496 857.

133 2508 362 2541 camerario,
386 2509 591 2538 Ioachimo:

177 2553 298 2580 Accedit
319 2551 427 2581 Caesar
450 2557 478 2580 et
500 2553 682 2583 veniendum.
707 2552 746 2589 H,
772 2554 819 2582 15.

1201 200 1327 229 Accedit
1348 201 1423 229 istuc
1444 210 1525 230 meus
1547 211 1645 239 gener.
1669 202 1753 239 VIII,
1776 205 1845 235 122.

1199 243 1321 271 Accedit
1339 243 1411 271 mihi
1433 244 1471 271 ad
1493 244 1576 275 alias.
1600 245 1637 281 V,
1664 247 1732 276 116.

1199 285 1310 323 Accepi
1333 286 1414 314 binas
1437 286 1537 316 literas
1560 288 1611 317 abs
1633 293 1670 318 te.
1695 289 1719 325 Ι,
1744 290 1814 319 879.

1199 329 1309 366 Accepi
1327 329 1372 356 his
1390 330 1492 367 paucis
1515 330 1625 360 diebus.
1650 331 1689 367 II,
1715 333 1784 362 500.

1202 372 1312 409 Accepi
1331 371 1400 408 quid
1418 373 1598 410 responderit
1618 374 1791 412 Episcopus.
1821 374 1845 410 Ι,
1869 376 1940 406 865.

1200 414 1312 451 Accepi
1334 418 1413 442 tuam
1436 415 1667 452 disputationem.
1691 416 1731 452 H,
1755 418 1826 447 505.

1201 457 1370 493 Accepistin
1392 458 1519 493 tandem,
1541 458 1652 494 Ioach.,
1674 459 1773 488 literas
1792 460 1925 489 nostras?
1946 460 1972 497 Ι,
1997 463 2068 492 597.

1202 500 1400 528 Accessissem
1423 501 1459 528 ad
1481 511 1544 536 vos,
1568 503 1592 529 si
1615 512 1715 530 currus
1738 512 1830 532 meus.
1856 503 1940 539 VIII,
1961 505 2031 535 659.

1201 543 1340 579 Adiungo
1361 548 1388 570 et
1410 553 1464 581 ego
1487 545 1524 572 ad
1544 550 1619 574 vota.
1646 545 1715 580 VII,
1739 546 1811 575 500.

1201 585 1368 614 Admodum
1390 585 1589 623 improbabam
1612 589 1770 625 ingenium.
1802 587 1857 624 III,
1881 589 1953 618 548.

1201 628 1383 657 Adolescens
1406 629 1453 656 cui
1475 629 1528 657 has
1546 629 1652 660 literas.
1677 630 1717 666 Π,
1741 631 1812 660 487.

1201 671 1413 699 Adolescentcs
1434 671 1589 700 Francicos
1607 677 1640 701 ut
1662 682 1715 710 ego
1737 674 1862 710 quidem.
1894 673 1976 710 VHI,
2000 675 2070 705 346.

1200 714 1407 749 Adolescenti,
1428 720 1511 750 quem
1533 715 1613 745 1111111,
1636 715 1660 750 Ι,
1686 716 1776 746 1002.

1201 756 1371 785 Adversarii
1393 757 1521 785 nondum
1544 759 1766 795 responderunt.
1793 758 1833 791 H,
1859 759 1931 789 229.

1201 799 1358 827 Aelianum
1380 799 1432 826 tibi
1456 799 1639 830 Franciscus.
1664 800 1701 835 V,
1727 801 1797 828 873.

1201 842 1298 870 Affert
1316 842 1368 869 tibi
1391 841 1557 871 Fridericus
1578 842 1774 872 Livoniensis.
1798 842 1867 879 VII,
1890 844 1962 874 623.

1202 886 1342 922 Agnosco
1366 889 1394 912 et
1418 885 1538 923 deploro
1561 895 1626 913 mea
1647 886 1726 915 vitia.
1751 885 1834 921 VIII,
1859 886 1932 916 613.

1202 927 1382 965 Aliquandiu
1402 929 1473 956 certi
1494 928 1635 956 tabellarii
1656 928 1738 958 nulli.
1762 928 1802 964 Π,
1827 930 1898 958 791.

1202 970 1326 1007 Aliquot
1347 971 1446 1007 accepi
1468 970 1606 1008 epistolas
1629 976 1707 1004 tuas.
1732 980 1907 1008 quanquam.
1931 971 2000 1008 VII,
2024 973 2096 1003 981.

1201 1014 1343 1041 Amanter
1370 1013 1475 1048 fecisti,
1498 1014 1538 1041 mi
1562 1013 1599 1049 Ι.,
1624 1015 1701 1051 quod
1724 1023 1775 1051 per
1798 1014 1996 1053 bibliopolam.
2020 1014 2045 1052 I,
2069 1015 2140 1045 626.

1201 1058 1344 1084 Amanter
1362 1055 1432 1083 fecit
1450 1056 1594 1093 Ziglerus.
1618 1056 1672 1092 IV,
1693 1057 1763 1086 682.

1202 1099 1337 1135 Amplius
1356 1100 1497 1127 sexennio
1520 1099 1710 1128 familiaritas.
1735 1099 1772 1133 V,
1797 1100 1868 1129 704.

1203 1142 1351 1169 Andream
1374 1142 1478 1169 rediise
1501 1147 1529 1169 et
1546 1142 1730 1170 incolumem.
1753 1142 1791 1175 V,
1812 1142 1883 1171 840.

1203 1184 1318 1220 Anglus
1341 1188 1407 1211 tuus
1430 1184 1554 1212 reddidit
1576 1185 1656 1213 mihi.
1682 1184 1737 1217 ΙΠ,
1763 1185 1811 1214 35.

1203 1228 1282 1255 Ante
1300 1227 1417 1253 biduum
1436 1227 1560 1263 primum
1583 1228 1684 1264 accepi
1706 1227 1811 1255 aulica.
1841 1226 1925 1263 VIII,
1952 1229 2019 1258 169.

1205 1271 1283 1297 Ante
1306 1269 1378 1296 duas
1401 1269 1490 1296 horas
1513 1269 1610 1298 hodie.
1634 1268 1658 1304 Ι,
1684 1270 1755 1298 808.

1204 1313 1283 1340 Ante
1306 1319 1435 1339 mensem
1459 1311 1525 1338 dedi
1548 1311 1657 1340 literas.
1692 1311 1747 1346 IV,
1772 1311 1843 1341 280.

1205 1356 1283 1382 Ante
1306 1354 1526 1391 quadriennium
1549 1363 1614 1382 cum
1637 1354 1723 1391 apud.
1747 1353 1804 1389 III,
1825 1354 1895 1384 987.

1205 1399 1284 1426 Ante
1306 1397 1433 1425 triduum
1456 1397 1535 1434 apud
1556 1405 1617 1426 nos.
1653 1397 1706 1431 IV,
1733 1397 1804 1426 914.

1204 1441 1283 1468 Ante
1307 1440 1434 1467 triduum
1456 1441 1498 1467 sic
1521 1440 1658 1467 intumuit
1682 1439 1775 1469 Albis.
1800 1439 1885 1476 VIII,
1909 1441 1980 1471 451.

1204 1482 1343 1520 Apellum
1366 1483 1501 1510 existimo
1524 1483 1590 1511 iam.
1616 1481 1640 1517 Ι,
1667 1483 1737 1511 805.

1204 1526 1292 1563 Apud
1314 1525 1388 1553 alios
1411 1525 1548 1553 libentius
1572 1525 1662 1554 soleo.
1687 1524 1728 1558 H,
1754 1525 1826 1554 605.

1205 1569 1324 1596 Ascanii
1348 1568 1498 1605 Principes
1521 1568 1689 1596 Lutherum.
1715 1567 1768 1602 IV,
1794 1568 1863 1596 862.

1205 1612 1329 1640 Attexui
1352 1611 1494 1648 quaedam
1517 1611 1635 1648 scripto.
1658 1609 1742 1645 VIH,
1767 1611 1837 1640 389.

1205 1655 1312 1682 Attulit
1336 1654 1448 1682 Fasolti
1470 1654 1609 1682 minister.
1635 1652 1704 1687 VII,
1726 1653 1796 1682 533.

1206 1697 1320 1725 Aulicis
1341 1697 1484 1725 mandatis
1507 1705 1604 1734 cogor.
1628 1704 1713 1731 quam
1735 1696 1868 1733 primum.
1894 1696 1962 1733 VH,
1982 1697 2053 1727 538.

1206 1739 1367 1768 Baldasaro
1390 1738 1504 1776 Sponso
1527 1738 1611 1767 laeta.
1636 1738 1689 1773 IV,
1714 1739 1785 1768 846.

1205 1783 1429 1819 Bambergensis
1450 1781 1500 1809 ille
1522 1782 1644 1809 nuncius
1665 1781 1798 1810 reddidit.
1822 1780 1846 1816 I,
1871 1782 1941 1811 650.

1206 1825 1289 1853 Binis
1311 1827 1367 1853 iam
1391 1824 1483 1852 literis
1506 1824 1630 1861 mitigas.
1655 1824 1708 1858 IV,
1733 1824 1803 1853 800.

1205 1868 1257 1897 Bis
1281 1877 1299 1895 a
1320 1872 1348 1895 te
1370 1867 1469 1895 literas
1487 1868 1595 1904 accepi.
1621 1867 1657 1901 V,
1683 1866 1751 1894 121.

1205 1910 1282 1938 Boni
1305 1910 1439 1938 consules
1463 1910 1641 1938 brevitatem.
1667 1908 1706 1943 ΙΙ,
1732 1910 1802 1938 708.

1205 1953 1337 1981 Bornero
1362 1963 1407 1980 me
1430 1953 1576 1981 excusavi.
1602 1952 1654 1986 IV,
1678 1953 1749 1981 917.

1204 1997 1328 2025 Brevem
1349 2005 1366 2023 a
1388 2001 1415 2023 te
1435 1995 1595 2032 epistolam.
1621 1995 1675 2029 IV,
1700 1995 1769 2023 308.

1205 2038 1342 2066 Carmine
1365 2044 1414 2066 tuo
1436 2047 1494 2065 non
1518 2037 1611 2066 solum
1635 2038 1716 2066 haec.
1740 2037 1809 2072 VH,
1829 2037 1900 2068 572.

1205 2080 1364 2119 Casparem
1386 2086 1470 2118 pater
1495 2081 1634 2110 evocavit.
1655 2080 1708 2116 IV,
1733 2081 1804 2110 851.

1204 2123 1432 2161 Christophorus
1449 2124 1573 2152 reddidit
1594 2124 1674 2153 mihi.
1699 2123 1723 2158 I,
1745 2123 1816 2152 952.

1205 2167 1286 2196 Civis
1308 2167 1448 2201 lenensis,
1470 2167 1520 2203 qui
1543 2167 1677 2195 ostendit.
1702 2165 1755 2201 IV,
1780 2166 1851 2195 775.

1206 2210 1286 2239 Civis
1309 2209 1442 2247 Lipsicus
1466 2214 1509 2237 est
1532 2208 1702 2246 Gregorius.
1727 2209 1781 2244 IV,
1805 2209 1876 2237 843.

1204 2251 1340 2280 Clemens
1363 2252 1581 2280 Alexandrinus
1604 2261 1728 2281 versum.
1753 2251 1838 2286 VIII,
1865 2252 1933 2281 132.

1205 2295 1309 2332 Cogite
1331 2295 1486 2323 concilium
1509 2300 1536 2323 et
1559 2304 1667 2332 pacem.
1693 2295 1730 2329 V,
1755 2295 1826 2324 331.

1205 2338 1312 2367 Comes
1334 2339 1472 2366 Albertus
1495 2348 1512 2366 a
1534 2338 1688 2367 Mansfeld.
1710 2337 1734 2372 Ι,
1759 2338 1832 2366 823.

1205 2381 1450 2410 Commendemus
1472 2381 1532 2409 filio
1555 2380 1621 2410 Dei.
1645 2380 1701 2415 IX,
1724 2380 1794 2409 821.

1208 2423 1409 2461 Comperimus
1431 2424 1494 2451 heri
1516 2424 1546 2452 in
1570 2433 1737 2461 congressu.
1762 2422 1845 2458 VIH,
1870 2424 1941 2453 535.

1206 2466 1359 2495 Credimus
1381 2472 1529 2495 aeternam
1551 2466 1712 2495 Ecclesiam
1734 2476 1752 2494 a
1771 2467 1841 2496 filio.
1866 2466 1921 2502 IX,
1948 2466 2018 2496 196.

1208 2508 1303 2538 Credo
1327 2508 1412 2548 λόγον
1434 2509 1524 2537 filium
1547 2509 1614 2538 Dei.
1638 2509 1722 2545 VIII,
1746 2510 1817 2540 866.

1208 2551 1282 2581 Cum
1306 2561 1324 2580 a
1346 2553 1461 2581 Muldae
1483 2553 1555 2590 ripa.
1580 2552 1633 2591 VI,
1658 2553 1727 2582 890.
