2299 2921
142 123 204 156 361
601 136 606 143 τ
642 121 694 153 111.
739 119 970 153 REPETITIO
993 118 1311 152 CONFESSIONIS
1334 116 1651 151 AUGUSTANAE.
2084 121 2148 152 362

351 218 471 257 Corpvs
488 221 518 246 et
540 216 711 256 Sfflztayma
731 215 736 257 Ι
757 214 987 254 Confessionvm
1007 214 1011 257 Ι
1027 214 1105 254 fidei
1121 224 1197 254 qvae
1219 215 1252 243 in
1275 213 1374 243 diver·
1394 214 1399 254 Ι
1418 214 1462 242 sis
1484 214 1588 253 reynis
1611 216 1641 243 et
1659 214 1792 244 nationi·
1813 215 1818 253 Ι
1837 214 1906 249 bus,
1936 214 2148 246 Ecclesiarum

393 261 512 290 nomine
525 261 652 298 fuerunt
675 258 850 288 authentice
871 259 874 299 Ι
895 258 1015 288 editae:
1037 259 1069 287 in
1089 258 1291 288 celeberrimis
1311 256 1519 287 conuentibus
1541 266 1592 287 ea:-
1619 256 1623 297 Ι
1648 256 1780 292 hibitae,
1806 255 1994 298 publicaque
2013 260 2148 289 auctori-

393 307 458 334 tate
478 303 482 345 Ι
503 302 728 342 comprobatae.
752 302 756 343 Ι
777 301 889 335 Qvibvs
912 303 1093 336 annectitur,
1117 302 1148 330 in
1169 300 1303 330 omnibvs
1323 300 1326 342 Ι
1348 299 1548 331 Christianae
1569 298 1747 338 Reli-aionis
1770 299 1941 339 Articulis,
1971 301 2150 331 Catholicos

394 346 526 376 Consen-
546 345 550 386 Ι
570 356 635 379 svs,
658 354 699 374 ex
720 344 891 385 Sententijs
920 345 1057 374 Veterum
1079 345 1133 384 qni
1150 343 1266 374 Patres
1286 344 1289 385 Ι
1309 347 1473 376 vocantur,
1497 343 1684 381 desumptas.
1707 344 1710 383 Ι
1733 342 1966 381 Confessionmn
1995 354 2149 374 enutriera-

393 390 505 418 tionem
528 389 556 427 ᾇ·
578 388 797 417 Harmoniam.-
820 391 912 426 atque
929 387 1018 416 huius
1040 386 1201 417 Catholici
1229 387 1313 416 Vete-
1333 387 1337 425 Ι
1356 396 1422 416 rum
1446 396 1512 415 cum
1535 385 1598 414 illis
1623 385 1814 420 Consensas,
1844 387 1983 416 ordinem
2007 387 2150 417 indicant

388 433 529 472 paginae
549 434 668 470 primae
690 432 749 460 sin-
769 431 772 471 Ι
793 429 932 469 aularum
948 431 1086 469 partiam
1106 429 1196 459 latius
1213 429 1445 470 Syntaqmatis,
1464 430 1497 457 in
1524 427 1598 457 Tres
1617 428 1621 469 Ι
1642 428 1756 458 Partes
1781 429 1949 459 distributi.
1971 432 1975 468 Ι
1996 431 2149 469 (lusignez

393 474 532 514 Angelus
556 475 631 503 intra
653 473 774 513 ellipsin
804 473 946 502 radiatam
977 474 1004 502 in
1030 472 1146 502 sceleto
1177 476 1279 507 stans,
1308 473 1444 502 dextrum
1468 471 1600 501 cubitum
1624 473 1703 501 cruci
1735 473 1884 509 innitens,
1910 473 2033 502 sinistra
2060 483 2149 502 manu

392 517 500 547 librum
523 520 658 556 apertum
677 526 797 546 sursum
815 519 946 547 tenens.)
980 515 984 557 Ι
1017 514 1170 549 Genevae,
1202 516 1205 557 Ι
1239 515 1334 554 Apud
1361 514 1487 544 Petrum
1510 514 1539 551 ᾇ·
1560 513 1707 544 Iacobum
1731 515 1860 546 Choue't.
1890 517 1893 556 Ι
1920 516 2010 545 Anno
2039 515 2150 545 salutis

394 560 438 590 M.
451 559 515 590 DC
523 559 599 589 XII.
647 561 690 589 4⁰.

143 629 244 659 Huius
268 627 412 668 Corporis
438 631 495 658 117
519 627 617 667 plagg.
641 626 870 665 complectentis
894 625 971 655 Pars
992 627 1014 655 Ι.
1039 626 1136 664 (3297⁴
1162 625 1278 665 plagg.)
1308 630 1377 665 post
1405 625 1643 661 praefationem,
1673 625 1805 655 Iudicem
1831 636 1948 661 eorum,
1975 637 2052 665 quae
2082 637 2150 656 con-

143 673 275 702 tinentur
292 672 321 701 in
340 671 399 701 hoc
417 671 625 711 Syntagmate‚
644 674 733 709 atque
757 670 949 699 Harmoniam
973 667 1222 703 confessionum,
1243 668 1367 698 exhibet
1390 669 1486 698 hasce
1506 668 1746 699 consessiones:
1771 669 1969 703 Helveticam‚
1990 669 2149 704 Gallicam,

144 714 320 753 Anglicam,
344 714 549 748 Scoticanam,
574 713 745 752 Belgicam,
775 712 967 750 polonicam,
998 713 1251 751 Argentinensem
1275 712 1342 742 sive
1366 711 1504 748 Quatuor
1523 711 1684 742 Civitatuln
1710 711 1839 752 Imperii.
1886 711 1963 742 Pars
1982 713 2021 742 II.
2043 713 2148 755 (42¹s4

145 757 264 797 plagg.‚
290 758 350 788 326
373 767 461 796 pagg.
487 767 582 791 num„
613 759 629 787 3
654 757 705 787 ult.
726 756 798 786 solia
816 756 947 786 Iudicem
972 757 1154 786 continentia
1178 766 1236 785 non
1263 758 1356 793 num.)
1385 757 1517 786 continet
1539 756 1647 786 hasce:
1680 759 1705 785 1.
1731 755 1967 786 Confessionem
1996 756 2151 794 Augusta-

145 810 223 833 nam,
248 800 275 828 2.
299 803 381 839 (pag.
408 803 590 836 67—136.)
611 800 792 829 Saxonicam
815 809 872 829 seu
891 799 1060 831 Misnicam,
1086 802 1112 828 3.
1133 801 1214 838 (pag.
1238 801 1441 835 137—190.)
1460 799 1783 837 lvii-temlmrgensem,
1808 801 1837 828 4.
1855 798 2150 829 lllustriss.Elect0-

143 843 187 872 ris
210 841 354 877 Palatini,
380 845 407 873 5.
430 842 642 877 Bohemicam‚
662 847 691 872 et
716 845 743 872 6.
764 842 958 873 Consensum
977 842 1006 870 in
1031 841 1090 870 fide
1113 845 1144 870 et
1166 841 1310 879 religione
1330 840 1502 870 Christiana
1525 843 1601 871 inter
1618 841 1779 871 Ecclesias
1798 841 2001 881 Euangelicas
2020 842 2149 871 Maioris

145 889 175 915 et
197 885 324 914 Minoris
348 885 511 921 poloniae,
531 886 727 920 Lithuauiae,
752 891 808 914 etc.
854 884 931 914 Pars
951 886 1004 914 111.
1029 886 1082 923 (4⁴2
1103 883 1218 922 plagg.)
1242 884 1385 922 inscripta
1416 889 1476 913 est:
1511 884 1690 914 Catholicvs
1715 886 1719 921 Ι
1753 884 1906 923 Veterem,
1928 886 1980 924 qvi
2005 887 2008 925 Ι
2034 884 2151 914 Patres

143 931 301 963 vocantvr,
321 928 326 967 Ι
346 929 400 957 Ex
420 929 511 958 verbo
531 929 651 966 aluino,
673 930 676 969 Ι
696 939 758 958 cvm
780 929 933 967 superiori
953 927 1030 956 Con-
1050 929 1054 961 Ι
1072 927 1237 964 sessionum
1252 926 1328 964 fidei
1349 926 1353 968 Ι
1371 926 1584 966 Syntaymate.
1606 929 1609 967 Ι
1630 928 1667 956 In
1687 928 1823 957 omnibus
1840 928 1934 957 Fidei
1954 927 2151 957 Christianae

145 970 290 1000 articulis
310 972 313 1009 Ι
335 971 515 1001 Consensvs.
539 972 542 1012 Ι
563 975 620 1000 etc.

300 1013 464 1043 Confessio
483 1015 633 1044 Saxonica
651 1025 679 1053 p.
701 1016 750 1043 67.
775 1014 887 1042 orditur
905 1013 942 1042 ab
963 1012 1018 1040 hac
1037 1012 1249 1051 inscriptione:

351 1074 514 1111 Confessio
548 1073 722 1102 Doctrinae
752 1075 756 1106 Ι
786 1072 1011 1102 Saxonicarvm
1045 1070 1253 1100 Ecclesiarom
1284 1071 1288 1112 Ι
1319 1071 1450 1111 Synodo
1485 1071 1685 1101 Tridentinae
1713 1072 1836 1110 oblata,
1865 1072 1955 1102 Anno
1987 1074 1991 1110 Ι
2023 1073 2151 1102 Domini

391 1117 434 1146 M.
450 1116 557 1145 1).L1.
581 1117 612 1144 in
636 1126 697 1155 qua
721 1115 897 1145 Christiane
920 1114 1036 1144 Lector
1066 1114 1200 1149 videbis.
1230 1116 1353 1154 quinam
1374 1115 1377 1155 Ι
1399 1115 1415 1142 (ἶ
1435 1114 1618 1145 Catholicae
1641 1115 1804 1145 Ecclesiae
1826 1117 1942 1155 yremio
1965 1116 2148 1146 resilierint:

392 1160 420 1197 ‹S-
440 1169 499 1198 per
521 1168 597 1198 qztos
620 1162 690 1193 stet,
713 1160 715 1199 Ι
735 1169 795 1197 quo
819 1160 916 1187 minus
938 1157 1100 1186 Ecclesiae
1118 1158 1175 1196 pia
1200 1157 1371 1186 concordia
1396 1160 1562 1187 sarciatur.

477 1201 627 1231 Basileae
650 1211 691 1230 esc
712 1202 838 1240 officina
861 1201 989 1230 Ioannis
1013 1200 1165 1239 Oporini,
1191 1209 1270 1229 anm)
1293 1202 1294 1240 Ι
1316 1200 1427 1229 salutis
1451 1201 1492 1230 M.
1511 1201 1550 1232 D.
1565 1201 1638 1230 LII.

143 1269 243 1299 Huius
267 1269 483 1299 confessionis
506 1271 600 1309 prima
619 1270 775 1308 particula,
800 1280 878 1308 quae
903 1269 1126 1309 inscriptionem
1150 1269 1239 1298 modo
1259 1268 1380 1298 allatam
1404 1269 1612 1308 subsequitur,
1633 1270 1754 1299 ordiens
1773 1280 1791 1299 a
1809 1270 1924 1300 verbis:
1949 1269 2082 1299 Necesse
2104 1273 2151 1300 est

143 1314 356 1352 intmoyatos
380 1316 410 1342 et
433 1314 591 1342 terminata
618 1313 734 1341 verbis:
760 1314 792 1342 in
815 1322 993 1352 quacunque
1019 1315 1112 1350 parte
1134 1312 1347 1350 stay-‘tabitam
1378 1314 1476 1352 typis,
1505 1313 1555 1351 qui
1584 1312 1845 1342 Cicero-Carsivi
1868 1314 2070 1348 nominantur,
2101 1324 2149 1343 ex-

144 1365 268 1395 pressa,
287 1356 315 1384 in
335 1365 478 1394 suprema
500 1356 673 1394 paginarum
695 1357 840 1385 68—71.
864 1359 947 1394 parte
970 1355 1114 1394 inscripta
1137 1359 1199 1384 est:
1231 1354 1414 1392 Praefatim
1441 1356 1602 1394 sequentia
1624 1360 1740 1393 autem,
1768 1366 1845 1395 quae
1863 1366 1891 1395 p.
1912 1358 1960 1386 72.
1980 1356 2030 1386 lin.
2056 1360 2083 1386 3.
2112 1358 2149 1387 ab

145 1399 356 1437 inscriptione:
376 1397 426 1426 De
449 1397 604 1428 Doctrina
624 1398 767 1437 incipiunt
787 1401 818 1426 et
835 1407 864 1437 p.
892 1399 960 1427 13⁶2.
979 1398 1057 1427 med.
1081 1398 1196 1426 verbis:
1217 1407 1272 1426 nec
1290 1397 1389 1427 ‹lam-2·
1406 1400 1490 1427 sinat
1510 1402 1614 1428 coetus
1632 1400 1731 1438 ipsum
1750 1403 1832 1428 recte
1850 1400 2030 1429 inuocantes
2048 1401 2150 1429 finiun-

143 1444 205 1475 tur,
224 1441 322 1480 typis,
347 1441 397 1478 qui
418 1440 692 1479 Cicero-Antiqua
716 1440 917 1479 appellantur,
938 1441 1106 1480 impressa,
1126 1441 1154 1469 in
1177 1441 1256 1469 binis
1279 1442 1397 1479 paginis
1421 1452 1438 1470 e
1462 1443 1584 1480 regione
1604 1443 1752 1481 appositis
1773 1443 1917 1482 inscripta
1935 1446 2018 1472 sunt:
2045 1443 2149 1471 Saxo-

142 1484 238 1524 ῚιίοαΙ
260 1483 432 1519 Confessio.
478 1482 618 1522 Denique
642 1484 711 1512 inde
735 1494 751 1512 a
781 1493 848 1522 pag.
876 1485 944 1513 139..
974 1484 1051 1513 med.
1083 1493 1181 1521 usque
1204 1483 1242 1512 ad
1265 1492 1294 1522 p·
1323 1486 1388 1514 136.
1413 1488 1485 1514 extr.
1509 1489 1678 1523 sequuntur
1706 1486 1827 1514 nomina
1857 1496 1976 1519 eorum,
2002 1487 2051 1524 qui
2079 1486 2149 1515 huic

141 1524 338 1555 Confessioni
363 1526 621 1564 subscripserunt,
645 1527 815 1564 praemissa
845 1526 1051 1555 Melanthonis
1080 1526 1332 1564 praemonitione,
1359 1531 1450 1566 atque
1479 1538 1536 1556 sex
1564 1529 1676 1566 scripta
1705 1528 1870 1566 legatorum
1895 1532 1924 1557 et
1947 1530 2149 1558 ministrorum

141 1568 294 1598 ecclesiae
317 1577 409 1607 supra
430 1578 458 1607 p.
481 1570 537 1597 351
560 1578 606 1606 sq.
627 1572 804 1604 memorata,
828 1579 953 1607 quorum
973 1579 1043 1597 vero
1063 1570 1122 1597 duo
1141 1570 1239 1608 priora
1261 1571 1431 1607 germanice
1455 1572 1566 1609 scripta
1585 1570 1663 1599 solis
1683 1572 1928 1610 inscriptionibus
1948 1581 2049 1601 eorum
2077 1572 2149 1601 indi-

142 1612 282 1652 gitantur.
328 1611 412 1640 Haec
442 1611 541 1640 omnia
566 1611 674 1640 iisdem
701 1612 790 1650 ‘typis'
815 1613 943 1640 cursivis
974 1621 1121 1650 expressa
1147 1615 1233 1645 sunt,
1258 1612 1368 1650 quibus
1400 1613 1552 1643 Praefatio
1577 1613 1744 1646 exhibetur,
1789 1614 1854 1643 Hae
1877 1624 1964 1653 pagg.
1997 1619 2148 1644 extremae

140 1654 253 1685 habent
275 1653 400 1684 eandem
419 1654 604 1692 superiorem
624 1655 848 1693 inscriptionem
868 1664 903 1683 ac
926 1655 1154 1693 praecedentes.
1170 1656 1202 1691 ’Ὅ

294 1697 393 1726 Huius
417 1695 560 1736 Corporis
584 1706 662 1725 nova
684 1697 786 1727 Editio
806 1707 832 1726 a.
862 1700 950 1727 1654.
970 1698 1082 1737 prodiit
1103 1698 1150 1726 sic
1173 1697 1331 1736 inscripta:

347 1756 470 1795 Corpus
492 1760 522 1786 ct
544 1760 707 1796 syntayma
727 1760 731 1795 Ι
753 1756 987 1794 Cunfessionum
1009 1757 1013 1799 Ι
1032 1757 1108 1796 fidei
1131 1758 1136 1797 Ι
1161 1767 1239 1797 quae
1263 1759 1294 1787 in
1318 1758 1450 1787 diuersis
1472 1760 1577 1797 reynis
1603 1762 1608 1796 Ι
1636 1763 1665 1787 et
1694 1759 1888 1793 nationibus,
1915 1759 2146 1801 Ecclesiarumff

388 1801 507 1829 nomine
522 1802 650 1839 fuerunt
674 1799 849 1830 authentici’
872 1800 992 1830 editae:
1016 1801 1046 1828 in
1074 1800 1277 1829 celeberrimis
1301 1801 1305 1841 Ι
1335 1801 1542 1831 Carmentibus
1564 1802 1738 1840 erhibitae,
1765 1802 1951 1842 publicaque
1979 1803 1982 1843 Ι
2010 1805 2148 1833 auctori-

389 1845 453 1871 tate
482 1842 708 1880 comprobatae.
731 1843 734 1882 Ι
757 1842 873 1876 Quibus
892 1845 1081 1877 annectitur,
1107 1845 1138 1872 in
1163 1844 1299 1874 omnibns
1324 1844 1522 1874 Christianae
1542 1844 1546 1886 Ι
1566 1844 1744 1884 Reliyioicz‘.r
1767 1845 1933 1879 Articulis,
1965 1845 2147 1876 Catholicus

389 1884 570 1920 Consensus,
591 1886 595 1924 Ι
615 1895 656 1913 ez
678 1885 847 1923 Sententiis
878 1886 1016 1915 Veterum
1043 1888 1096 1925 qui
1124 1886 1238 1916 Patres
1264 1889 1267 1927 Ι
1294 1891 1460 1921 vocantur,
1490 1887 1676 1927 ilesumptus.
1703 1890 1707 1929 Ι
1734 1888 1970 1929 Confessionnm
1994 1898 2146 1918 enumera—

387 1928 499 1956 tionem
518 1931 547 1956 et
565 1927 783 1957 Harmoniam.-
803 1928 807 1970 Ι
829 1932 918 1968 atque
941 1929 1030 1958 huius
1055 1929 1214 1959 Catholici
1239 1930 1376 1959 Veterum
1405 1941 1472 1959 (am
1501 1931 1563 1960 illis
1596 1931 1786 1969 consensus,
1817 1932 1954 1961 ordinem
1984 1932 2126 1961 indicant

383 1971 524 2008 payinae
538 1972 661 2008 primae
678 1971 867 2009 sinyzdarum
883 1974 1020 2011 partium
1038 1972 1128 2002 haias
1146 1974 1371 2013 Syntaymatis,
1391 1975 1396 2012 Ι
1417 1975 1448 2002 in
1466 1973 1539 2003 Tres
1551 1973 1666 2005 Partes
1685 1974 1854 2005 distributi.
1875 1975 1879 2016 Ι
1899 1975 2011 2004 Editio
2024 1974 2125 2009 Nova,

388 2012 425 2041 In
449 2023 508 2051 qua
527 2013 603 2052 quid
621 2015 806 2052 praestitum
829 2017 886 2049 sit,
911 2015 1004 2045 aocet
1023 2017 1144 2055 paffl'na
1168 2027 1303 2055 sequens.
1327 2017 1330 2057 Ι
1351 2015 1486 2055 (Insigne
1510 2017 1547 2047 ab
1570 2017 1622 2046 illo
1643 2019 1750 2057 prioris
1773 2016 1829 2047 Ed.
1854 2018 2009 2057 paulisper
2032 2022 2144 2048 tantum

388 2054 555 2094 diversum)
576 2055 580 2095 Ι
602 2055 748 2091 Genevae,
770 2058 774 2098 Ι
793 2057 970 2097 Sumptibus
993 2058 1083 2088 Petri
1107 2058 1234 2088 Choire't.
1255 2059 1259 2100 Ι
1279 2059 1322 2088 M.
1336 2059 1407 2090 DC.
1421 2059 1508 2089 LIV.
1534 2063 1579 2091 4⁰.
1595 2062 1646 2098 Μ)

139 2121 171 2151 ln
193 2122 284 2151 huius
304 2121 446 2162 Corporis
470 2123 560 2154 Parte
579 2125 617 2154 11.
640 2135 669 2164 p.
691 2127 718 2155 3.
739 2126 776 2154 de
800 2124 1004 2157 Confessione
1023 2127 1173 2157 Saxonica
1192 2127 1268 2157 haec
1287 2133 1530 2167 praemonentur:

1116 2231 1128 2241 ι,
1136 2214 1172 2243 11.

292 2266 481 2298 Saxonica
505 2267 713 2298 Confessio
738 2269 844 2304 Fidei,
868 2273 980 2311 scripta
1003 2271 1072 2307 suit,
1095 2274 1184 2302 Anno
1210 2273 1332 2302 Domini
1355 2273 1510 2304 M.1).L1.
1535 2275 1564 2302 in
1589 2274 1714 2313 Synodo
1738 2275 1952 2313 Witehergae,
1976 2276 2025 2304 vbi
2050 2275 2146 2305 Saxo-

137 2309 268 2338 nicarum
288 2313 318 2339 et
336 2309 530 2341 Misnicarum
549 2312 757 2342 Ecclesiarum
782 2312 945 2349 Pastores,
969 2318 999 2344 et
1021 2315 1248 2345 Academiarum
1269 2316 1420 2346 Doctores
1447 2321 1664 2348 conuenerant:
1690 2318 1739 2357 qui
1763 2328 1869 2348 omnes
1898 2319 1925 2348 ei
1954 2318 2144 2358 subscripse-

137 2354 219 2388 runt,
243 2355 383 2391 tanquam
402 2355 599 2393 August-anae
619 2354 815 2386 Confessioni
836 2358 992 2397 repetitae,
1017 2357 1210 2389 Tridentinae
1230 2358 1462 2399 Congregationi
1488 2361 1711 2400 proponendae.
1757 2360 1831 2391 Eam
1855 2362 2083 2401 comprobarunt
2108 2360 2145 2390 ll·

241 2496 267 2527 ’)
287 2497 358 2523 Hunc
377 2498 468 2524 librum
488 2499 542 2530 ipse
561 2501 690 2532 possideo.
709 2515 741 2519 —
761 2502 918 2528 Recensetur
935 2509 949 2528 a
969 2504 1141 2530 Fenerlino
1162 2506 1176 2530 Ι.
1197 2506 1210 2530 Ι.
1229 2505 1248 2531 I.
1268 2513 1294 2538 p.
1315 2506 1355 2530 68.
1376 2512 1413 2531 nr.
1431 2506 1488 2531 369.

224 2539 270 2570 ”*)
290 2540 358 2565 Hanc
377 2541 418 2566 Ed.
438 2543 564 2572 quondam
590 2544 631 2569 Vir
655 2550 755 2569 summe
774 2546 936 2572 venerandus
961 2547 1061 2571 Herm.
1086 2548 1195 2577 Agath.
1220 2549 1392 2578 Niemeyer
1414 2555 1436 2574 a.
1458 2549 1531 2573 1853.
1559 2549 1694 2575 defunctus
1721 2550 1848 2580 possedit,
1876 2550 1917 2580 qui
1942 2551 2001 2575 tunc
2020 2549 2142 2580 temporis

289 2580 347 2600 eam
367 2575 477 2606 benigne
496 2583 596 2603 mecum
617 2579 819 2605 communicavit.
838 2593 870 2597 -
889 2581 1047 2607 Recensetur
1065 2588 1080 2607 a
1099 2582 1272 2609 Feuerlino
1291 2584 1305 2609 1.
1325 2584 1341 2609 l.
1360 2583 1379 2608 l.
1397 2591 1422 2616 p.
1443 2582 1483 2607 69.
1504 2589 1541 2609 nr.
1560 2583 1619 2608 370.
