2299 2921
145 139 191 171 63

147 235 211 263 Iun.

147 362 202 392 1u1.

146 535 222 571 Aug.

144 702 223 741 Sept.

143 915 208 945 Oct.

141 1043 219 1073 Nov.

142 1344 216 1373 Dec.

142 1557 203 1586 Ian.

142 1686 227 1714 Febr.

144 1814 228 1842 Mart.

143 2370 237 2408 April.

264 235 312 263 11.

264 277 312 306 18.

264 320 314 348 26.

262 405 311 434 22.

262 491 310 519 29.

262 576 311 604 29.

261 789 308 816 14.

261 1900 308 1928 13.

261 2030 308 2058 17.

260 2114 307 2142 23.

259 2156 307 2185 24.

259 2241 308 2271 26.

259 2284 306 2313 28.

259 2328 308 2356 30.

287 2372 311 2399 l.

262 2499 309 2526 17.

262 2541 309 2569 19.

796 138 981 170 PfflLtPPI
1004 137 1323 169 MELANTHONIS
1348 137 1507 170 OPERA.
2112 141 2157 174 64

334 232 498 263 Simonis
521 232 662 261 Lemnii
687 233 896 270 epigrammata
918 234 948 261 in
971 233 1104 260 doctores
1128 233 1361 270 Vitebergenses.

335 276 473 304 Induciae
496 278 525 304 in
547 276 719 304 decennium
744 276 834 303 factae
856 276 931 303 inter
954 275 1108 303 Caesarem
1128 280 1155 302 et
1178 275 1287 313 Regem
1312 273 1437 304 Galliae.

340 320 385 347 De
409 319 552 346 vaticiniis
576 319 707 346 Danielis
731 319 830 346 scribit
852 318 889 345 ad
911 318 1109 346 Theodorum.

335 361 435 390 Simon
458 361 599 390 Lemnius
623 361 779 397 expellitur
797 361 891 387 edicto
914 361 1100 388 Academiae.

336 405 401 432 Mel.
423 404 514 431 altera
537 404 598 431 vice
621 403 718 430 scribit
740 403 775 430 de
798 402 931 430 Danielis
955 403 1107 431 vaticiniis.
1154 404 1258 431 Metuit
1280 404 1316 431 ab
1340 404 1407 432 aula
1429 404 1538 441 aliquid
1566 405 1635 433 mali
1659 410 1778 443 propter
1801 415 1860 434 rem
1884 405 2009 435 Lemnii.
2029 423 2071 427 —
2092 405 2153 435 Lu·

370 448 468 474 therus
491 446 657 483 dysenteria
679 445 801 473 laborat.

334 489 480 517 Lutherus
503 488 657 516 convaluit.

336 532 433 560 Medio
457 532 588 567 Augusto
610 530 678 558 Mel.
704 530 762 558 edit
785 528 973 559 Germaniam
996 531 1100 561 Taciti.
1147 532 1227 568 (vid.
1253 533 1334 569 epist.
1358 532 1385 560 d.
1414 533 1458 561 18.
1482 534 1573 569 Aug.)

336 575 439 602 Indicit
461 573 671 601 enarrationem
691 573 830 601 orationis
854 574 1060 602 Demosthenis
1082 574 1152 613 περὶ
1174 575 1345 614 πρεσβείας.

334 617 480 645 Admonet
499 616 676 650 Forsterum‚
700 616 942 644 Concionatorem
966 618 1182 653 Augustanum‚
1206 627 1243 645 ne
1265 618 1377 645 rixetur
1400 626 1465 646 cum
1484 618 1602 656 collegis
1626 619 1661 646 de
1684 628 1775 647 coena
1797 627 1888 646 sacra.

333 659 485 688 Praefatur
508 659 546 686 ad
569 657 730 687 Gassarum
752 659 781 686 in
803 658 937 696 Comput.
962 660 1041 687 Eccl.
1062 659 1180 688 Ioannis
1202 660 1237 687 de
1260 669 1343 688 sacro
1366 660 1466 689 Busto.

303 725 309 731 .
333 702 474 739 Princeps
503 701 620 729 Elector
654 706 681 729 et
712 701 915 738 Landgravius
944 701 1069 730 Hassiae
1098 703 1244 738 scribunt,
1274 702 1461 731 Melanthone
1489 704 1659 740 interprete,
1687 704 1723 732 de
1751 704 1954 741 Anabaptistis
1983 704 2019 732 ad
2039 704 2150 742 Regem

369 745 503 782 Angliae.

332 787 399 816 Mel.
425 787 538 815 scribit:
567 787 691 822 „Petrus
714 787 874 825 bibliopola
898 788 975 824 eupit
1000 788 1085 815 edere
1108 798 1202 816 meam
1231 788 1350 816 alteram
1375 789 1585 816 enarrationem
1607 789 1643 816 ad
1667 788 1831 824 Romanos,
1860 790 1913 818 etsi
1936 789 2007 817 nihil
2031 799 2151 828 prorsus

367 840 385 858 a
408 830 497 868 priori
521 830 697 867 discrepat.“
721 847 764 851 —
789 828 955 866 „Constitui
978 830 1032 858 hac
1055 831 1158 869 hyeme
1181 832 1358 868 respondere
1379 832 1416 859 ad
1438 831 1543 860 librum
1564 831 1695 866 Wieelii,
1719 833 1765 860 cui
1787 832 1901 860 titulum
1924 832 2005 861 fecit:
2028 833 2149 862 retentio

365 872 612 901 Luthe1·anismi.“
1942 870 1946 873 ’

338 915 476 951 Queritur
498 916 527 942 in
552 925 594 951 ep.
621 916 656 943 ad
682 915 867 943 Theodorum
892 916 926 943 de
948 917 1117 945 austeritate
1138 921 1163 944 et
1188 917 1294 944 fervori
1319 915 1448 944 Lutheri.

331 958 397 986 Rex
422 958 546 994 Angliae
565 959 682 986 dimittit
705 958 816 995 legatos
840 959 1075 987 Protestantium.

332 999 463 1038 Georgio
486 1001 616 1038 Principi
635 1001 796 1029 Anhaltino
818 1002 927 1038 gratias
951 1002 1019 1029 dicit
1043 1012 1095 1039 pro
1117 1002 1226 1030 auxilio
1250 1003 1279 1030 in
1303 1012 1437 1030 annonae
1461 1003 1581 1030 caritate
1604 1003 1753 1040 praestito.

332 1043 497 1072 Ioachimus
521 1041 705 1072 Camerarius
730 1049 757 1072 et
780 1044 911 1072 Bucerus
933 1049 999 1072 sunt
1021 1045 1203 1082 Vitebergae.

301 1108 307 1115 .
331 1087 398 1116 Mel.
421 1087 542 1115 remittit
563 1087 685 1115 formam
706 1096 854 1115 sacrorum
877 1087 931 1116 sibi
955 1088 1071 1116 missam
1095 1098 1112 1115 a
1135 1087 1253 1116 Simone
1277 1098 1294 1115 a
1316 1087 1448 1115 Wenden
1471 1088 1500 1115 in
1524 1087 1661 1115 comitatu
1683 1087 1830 1125 Lippensi.

301 1152 307 1158 .
332 1130 422 1158 Dolet
444 1135 565 1158 mortem
589 1129 706 1158 Nicolai
730 1129 922 1158 Hausmanni.

333 1173 461 1201 Fuchsio
485 1173 597 1201 scribit:
624 1176 674 1209 „ut
691 1172 865 1201 Promethea
887 1173 924 1200 ad
936 1173 1060 1201 Caucasi
1084 1183 1187 1201 saxum
1211 1174 1305 1201 ferunt
1328 1173 1476 1210 alligatum
1499 1172 1599 1207 fuisse,
1623 1173 1664 1200 sic
1687 1182 1732 1200 me
1755 1173 1845 1201 fatum
1868 1173 1986 1210 aliquod
2008 1173 2148 1202 hactenus

364 1216 480 1253 quidem
499 1225 532 1243 ac
552 1216 599 1243 diu
623 1215 768 1243 nolentem
792 1217 1006 1252 quodammodo
1026 1217 1126 1244 tenuit.
1173 1217 1280 1244 Verum
1304 1216 1432 1244 liberabo
1457 1226 1501 1244 me
1521 1216 1706 1252 aliquand0.“

301 1280 307 1287 .
332 1257 379 1286 De
402 1259 486 1287 bonis
509 1258 712 1286 ecclesiasticis
734 1259 832 1286 scribit
856 1259 891 1286 ad
914 1259 1153 1295 ArgentinenseS.

333 1301 380 1329 De
402 1301 539 1338 gradibus
562 1301 715 1339 prohibitis
738 1302 910 1328 sententiam
934 1301 1010 1329 dicit.

304 1366 311 1373 .
334 1344 403 1372 Mel.
427 1348 511 1382 rogat.
533 1344 710 1372 academiam
734 1344 921 1381 Pragensem,
945 1348 976 1371 ut
998 1343 1138 1372 Codicem
1162 1343 1251 1371 Plinii
1269 1344 1325 1380 ipsi
1348 1343 1470 1371 mittant.

299 1409 306 1416 .
329 1386 460 1424 Lipsiam
481 1387 559 1415 venit
580 1396 643 1415 cum
669 1386 801 1414 Pontano
825 1391 853 1414 et
874 1386 998 1422 Bucero,
1018 1386 1067 1414 ubi
1088 1395 1153 1414 cum
1177 1385 1301 1415 Wicelio
1323 1386 1534 1423 colloquuntur.

989 1478 1144 1510 ANNO
1184 1478 1308 1509 1539.

302 1581 308 1588 .
330 1557 450 1595 Lipsiae
471 1563 513 1586 est
537 1567 601 1586 cum
614 1557 749 1586 Pontano
772 1562 800 1586 et
812 1558 935 1593 Bucero⁷
960 1562 989 1586 et
1011 1558 1185 1596 colloquitur
1208 1568 1272 1586 cum
1285 1558 1396 1596 Feigio‚
1420 1557 1602 1586 Cancellario
1613 1556 1801 1594 Landgravii‚
1824 1561 1852 1584 et
1874 1565 1938 1585 cum
1950 1555 2149 1591 Carlowitzio,

367 1601 533 1628 consiliario
556 1600 688 1638 Georgii,
713 1600 805 1629 Ducis
826 1599 947 1637 Saxon.‚
970 1607 998 1629 et
1022 1611 1086 1629 cum
1111 1601 1234 1629 Wicelio
1258 1602 1352 1639 deque
1375 1601 1460 1629 huius
1483 1601 1598 1638 scripto.

301 1665 308 1672 .
333 1644 391 1671 Iter
414 1644 575 1681 ingreditur
600 1644 635 1671 ad
659 1641 842 1672 Conventum
866 1644 1093 1672 Francosordiae
1114 1644 1288 1672 habendum.

305 1708 310 1714 .
335 1686 401 1714 Mel.
426 1687 504 1714 venit
528 1686 708 1721 Wimariam,
733 1687 782 1714 ubi
804 1692 998 1715 commoratus
1020 1692 1063 1715 est
1086 1696 1177 1724 usque
1200 1688 1237 1715 ad
1260 1688 1287 1716 d.
1312 1688 1339 1716 5.
1363 1686 1448 1714 Febr.

333 1728 419 1757 Ultra
448 1730 640 1767 progreditur.
688 1729 813 1765 Quando
836 1729 970 1759 Francos.
995 1731 1121 1763 venerit,
1144 1740 1203 1759 non
1227 1731 1336 1768 liquet,
1366 1729 1489 1758 fortasse
1513 1728 1539 1756 d.
1568 1728 1614 1756 12.
1638 1727 1724 1756 Febr.
1755 1737 1820 1756 cum
1845 1728 1980 1764 Principe
2002 1727 2148 1756 Electore.

301 1794 308 1800 .
329 1772 417 1799 Initia
439 1778 597 1800 conventus
620 1772 755 1801 Francos.

308 1836 314 1843 .
333 1813 480 1842 Lutherus
503 1815 539 1842 ad
562 1815 795 1843 Melanthonem:
821 1816 902 1851 „filia
925 1820 974 1844 tua
992 1815 1102 1844 Hanna
1125 1816 1237 1854 peperit
1259 1816 1349 1844 filiam
1372 1815 1502 1849 alteram,
1526 1815 1628 1851 ignara
1651 1822 1715 1841 sese
1738 1822 1800 1841 esse
1823 1818 2033 1851 praegnantem
2056 1814 2148 1842 donec

366 1857 464 1884 vicina
486 1861 561 1886 esset
584 1858 704 1894 partui.“

330 1899 398 1928 Mel.
423 1899 522 1927 scribit
540 1905 598 1928 tres
621 1900 817 1928 oratiunculas
839 1901 1033 1938 germanicas:
1066 1902 1095 1938 1)
1119 1901 1161 1929 fas
1186 1910 1249 1929 esse
1272 1901 1329 1928 vim
1353 1901 1381 1928 in
1407 1909 1494 1928 causa
1516 1900 1667 1936 religionis
1690 1899 1800 1927 illatam
1823 1899 2011 1937 propulsare3
2044 1899 2076 1936 2)
2099 1899 2147 1927 de-

366 1951 431 1970 cere
460 1952 561 1971 omnes
591 1943 654 1981 pios
678 1943 853 1981 evangelicis
876 1944 1028 1977 auxiliari3
1057 1945 1089 1979 3)
1112 1944 1204 1972 bonos
1227 1945 1319 1977 viros,
1350 1943 1480 1971 subditos
1503 1943 1634 1971 hostibus
1658 1942 1818 1979 evangelii,
1847 1951 1907 1970 non
1937 1941 2041 1970 debere
2065 1952 2148 1970 arma

366 1995 467 2023 gerere
491 1990 591 2014 contra
613 1986 804 2023 evangelicos.
853 1986 935 2022 „Has
959 1987 1094 2015 materias
1118 1987 1195 2014 volui
1215 1987 1361 2024 colligere,
1385 1992 1416 2013 ut
1441 1991 1556 2022 paratas
1579 1986 1751 2013 haberemus
1775 1985 1799 2013 si
1820 1994 1894 2022 opus
1917 1985 2021 2013 csset.“

332 2028 549 2064 Hermannum,
574 2029 833 2066 Archiepiscopum
857 2027 1062 2058 Coloniensem
1083 2030 1132 2067 (ad
1157 2040 1242 2067 quem
1265 2030 1403 2057 invitatus
1426 2029 1534 2064 fuerat)
1558 2029 1704 2063 hortatur,
1734 2032 1765 2056 ut
1787 2038 1888 2066 pacem
1911 2030 1941 2055 et
1963 2027 2147 2056 concordiam

368 2069 544 2099 Germaniae
567 2072 718 2099 restituere
740 2072 862 2100 studeat.

331 2114 463 2151 Longam
487 2120 515 2142 et
537 2114 754 2142 memorabilem
778 2115 930 2151 epistolam
954 2115 1053 2143 scribit
1077 2112 1183 2143 Comiti
1206 2125 1223 2143 a
1245 2115 1348 2143 Weda.

332 2157 533 2185 Bernhardum
556 2158 591 2185 ab
604 2157 719 2195 Hagen,
743 2156 956 2185 Cancellarium
980 2157 1195 2193 Coloniensem,
1219 2159 1358 2191 hortatur,
1384 2162 1414 2185 ut
1435 2166 1552 2185 causam
1576 2157 1728 2194 Evangelii
1747 2160 1860 2185 tueatur
1883 2160 1911 2184 et
1934 2155 2019 2184 simul
2042 2160 2147 2193 pergat

368 2200 505 2228 ecclesias
529 2209 627 2237 evang.
650 2200 806 2228 defendere
829 2201 967 2228 adversus
989 2200 1109 2229 iniurias
1134 2206 1160 2228 et
1184 2201 1398 2228 criminationes
1421 2200 1611 2228 inimicorum.

331 2242 473 2270 Hortatur
494 2242 670 2278 Henricum,
694 2242 817 2279 Angliae
839 2251 948 2279 regem,
974 2248 1002 2271 ut
1025 2244 1165 2272 abusuum
1189 2245 1316 2272 nondum
1340 2243 1519 2271 sublatorum
1542 2243 1770 2271 emendationem
1795 2241 1940 2279 suscipiat.

330 2284 437 2314 Scribit
457 2285 492 2313 de
516 2285 671 2323 Rodolpho
695 2285 835 2322 Agricola
857 2287 975 2322 eiusque
1002 2287 1146 2323 „epitome
1169 2287 1374 2315 historiarum⁶⁴
1399 2287 1436 2314 ad
1460 2287 1608 2314 Alardum.

332 2327 472 2362 Thomae.
495 2328 641 2366 Episcopo
665 2326 879 2362 cantuariensi,
902 2334 1027 2356 mentem
1051 2338 1132 2357 suam
1156 2331 1248 2366 aperit
1270 2330 1305 2357 de
1329 2334 1406 2358 statu
1428 2329 1568 2357 eeclesiae
1591 2329 1620 2356 in
1645 2327 1763 2365 Anglia.

333 2370 503 2405 Henricum,
523 2371 633 2408 Regem
656 2371 792 2409 Angliae,
815 2372 918 2399 iterum
941 2372 1079 2399 admonet
1100 2372 1187 2400 officii
1209 2373 1262 2401 sui.

332 2414 408 2441 Med.
438 2423 536 2442 mense
564 2414 632 2442 Mel.
664 2419 690 2442 et
713 2414 818 2442 caeteri
843 2414 987 2451 Theologi
1017 2416 1191 2443 sententiam
1225 2424 1307 2443 suam
1334 2415 1434 2442 dicunt
1463 2415 1498 2443 de
1528 2413 1775 2452 propositionibus
1803 2413 1838 2440 ab
1868 2417 1983 2441 oratore
2011 2410 2146 2440 Caesaris

365 2457 486 2484 traditis.

334 2497 489 2535 Georgius,
515 2499 585 2527 Dux
608 2497 766 2535 Saxoniae,
790 2500 919 2527 moritur.

334 2541 475 2578 Princeps
510 2541 627 2569 Elector
663 2546 690 2569 et
727 2541 942 2580 Landgravius,
981 2543 1138 2580 interprete
1172 2543 1375 2577 Melanfflone,
1418 2542 1492 2580 Regi
1525 2541 1640 2571 Galliae
1675 2545 1824 2579 exponunt
1856 2545 1988 2568 naturam
2019 2539 2143 2568 foederis

367 2583 598 2613 Schmalcaldici.
