2299 2921
144 121 207 153 123

142 217 230 245 Mart.
284 217 312 245 3.

262 259 310 287 17.

259 301 308 330 22.

259 344 308 372 25.

142 430 236 468 April.
262 430 309 458 20.

142 474 211 502 Mai.
281 472 308 500 8.

262 516 308 542 17.

144 1028 225 1067 Sept.
288 1030 313 1057 1.

146 1200 209 1230 Oct.
286 1202 314 1229 3.

145 1414 223 1444 Nov.
260 1415 308 1443 14.

145 1585 217 1615 Dec.
262 1587 308 1615 18.

149 2015 209 2044 Ian.
288 2016 313 2042 1.

266 2185 314 2213 12.

263 2228 313 2256 20.

264 2313 313 2342 27.

269 2440 317 2470 28.

148 2527 234 2556 Febr.
292 2527 321 2555 5.

807 118 994 150 PHILlPPI
1016 117 1333 150 MELANTHONIS
1356 116 1517 148 OPERA.
2093 119 2157 151 124

336 215 491 245 Ioannes
512 214 750 249 Fridericus‚
769 213 840 241 Dux
863 211 973 241 Saxon.
998 213 1127 247 Elector,
1150 212 1280 240 mon'tur.

332 257 454 287 Scribit:
493 257 706 293 „Definitiones
725 265 825 283 rursus
849 256 979 283 editurus
1001 265 1065 283 sum
1089 255 1192 283 melius
1213 255 1372 283 illustratas
1396 259 1423 281 et
1443 256 1568 283 auctas.“

331 301 449 330 Laudes
472 300 591 328 Ioannis
612 298 763 332 Friderici,
784 297 876 326 Ducis
899 296 970 326 Sax.
994 298 1086 326 Elect.
1594 312 1602 319 ι

332 344 484 372 Praefatur
506 343 536 370 in
558 342 594 369 T.
618 341 655 368 V.
679 350 801 377 operum
824 339 946 368 Lutheri
967 340 1123 369 latinorum
1147 340 1183 367 ad
1209 339 1418 376 wolfgangum
1442 339 1538 368 Princ.
1563 340 1763 369 Anhaltinum.

332 387 477 423 Expectat
498 384 647 418 Sabinum,
671 392 758 420 quem
780 383 816 411 lis
839 382 1014 411 Osiandrica
1039 382 1193 420 permovit,
1218 386 1249 410 ut
1272 382 1433 410 discederet
1456 391 1492 410 ex
1516 383 1674 411 Academia
1696 383 1940 421 Regiomontana.

333 428 532 457 Proficiscitur
555 425 696 463 Lipsiam.

332 472 419 500 Mittit
442 470 561 498 latinam
584 468 853 505 interpretationem
880 469 907 496 3.
931 468 997 496 libri
1016 468 1265 496 Maccahaeorum.

334 513 532 542 Proficiscitur
563 511 598 539 ad
628 515 803 539 conventum
825 511 1042 549 Theologorum
1066 510 1294 544 Saxonicurum,
1324 509 1534 538 Hassiacorum
1564 517 1591 538 et
1610 510 1814 547 Suevicorum,
1843 513 1894 549 qui
1923 513 2005 541 iussu
2027 513 2155 551 Augusti

367 557 509 584 Electoris
533 554 717 591 Naumburgi
744 554 860 582 habitus
890 559 931 581 est
954 555 991 582 ad
1014 554 1231 581 deliberandum
1257 553 1293 580 de
1314 552 1510 581 declaratione
1530 551 1650 582 Caesari
1677 555 1773 583 danda
1803 560 1831 582 et
1853 556 1891 583 ad
1911 556 2097 584 iudicandum
2117 556 2154 584 de

366 599 498 628 doctrina
521 597 658 626 Osiandri
678 603 705 626 et
728 595 983 625 Schwenckfeldii.

329 643 417 671 Venit
440 641 670 676 Naumburgum.

282 695 289 700 ·
302 708 308 714 .
332 685 508 723 Expatiatur
529 685 559 712 in
582 681 719 711 Scholam
738 682 920 711 Portensem.

301 751 306 756 .
331 727 500 756 Declaratio
523 725 742 763 Theologorum
764 726 795 753 in
819 731 972 753 conventu.
1018 724 1164 762 Theologi
1187 732 1223 752 ex
1243 722 1351 752 Suevia
1372 723 1477 752 frustra
1500 729 1696 761 expectantur.

301 792 308 799 .
331 771 501 799 Melanthon
525 770 713 806 Vitebergam
736 768 820 796 redit.
1347 771 1350 772 ⁷

144 816 208 845 Iun.
263 815 311 844 25.

145 858 200 888 Iul.
279 859 307 886 7.

304 921 311 928 .
334 900 466 933 Alberto,
490 898 566 926 Duci
587 897 736 931 prussiae,
761 896 860 924 scribit
883 895 919 923 de
939 895 1143 933 componenda
1167 894 1364 922 controversia
1386 893 1606 922 Osiandristica.

304 965 311 971 .
333 942 501 970 Northusae
525 940 723 970 controversia
747 945 788 966 est
812 939 847 966 de
871 939 1043 967 necessitate
1066 938 1207 967 bonorum
1231 946 1351 974 operum
1371 937 1408 965 ad
1429 937 1560 965 salutem.

335 813 534 851 Desponsatio
557 812 595 841 Io
604 812 688 840 anni
697 820 711 839 s
731 810 825 838 Luth
834 810 894 839 eri.

332 856 470 885 Lithiasis
492 854 673 883 Melanthoni
695 855 765 882 satis
788 853 911 881 molesta
929 858 981 880 est.
1028 852 1165 880 Albertus
1184 852 1215 880 H
1223 861 1260 879 ar
1269 851 1287 879 d
1295 861 1308 878 e
1316 860 1335 878 n
1343 851 1360 878 b
1369 861 1384 878 e
1391 861 1405 879 r
1413 860 1432 888 g
1455 858 1498 879 est
1520 851 1704 889 Vitebergae.

335 985 458 1013 Bremae
475 984 578 1012 iterum
598 989 730 1012 movetur
749 982 949 1010 controversia
968 982 1003 1009 de
1026 990 1116 1009 coena
1134 989 1225 1009 sacra.

338 1027 437 1056 Procli
455 1028 648 1065 paraphrasin
668 1026 697 1053 in
721 1025 883 1053 Ptolemaei
907 1023 1157 1061 Quadripartitum
1182 1024 1255 1057 edit,
1279 1027 1307 1050 et
1325 1023 1403 1050 dicat
1425 1022 1529 1051 librum
1550 1021 1791 1052 Cummerstadio.

334 1071 456 1099 Dolscio
477 1071 576 1098 scribit
595 1068 746 1107 epistolam
771 1068 1014 1105 nuncupatoriam
1032 1067 1069 1094 ad
1088 1065 1226 1094 Senatum
1249 1065 1418 1094 Halensem.

333 1114 533 1142 Proficiscitur
554 1112 696 1150 Lipsiam‚
717 1116 744 1138 et
767 1111 835 1139 inde
858 1120 923 1138 cum
947 1108 1115 1137 Camerario
1139 1108 1302 1137 Grimmam
1326 1115 1354 1136 et
1372 1108 1527 1143 Misniam,
1551 1112 1582 1136 ut
1605 1107 1758 1145 explorent
1780 1108 1904 1136 scholas.

332 1155 406 1185 Cum
429 1156 597 1185 Camerario
620 1155 813 1192 proficiscitur
832 1154 862 1181 in
883 1152 1019 1182 Scholam
1042 1152 1221 1181 Fortensem.

336 1199 508 1236 Respondet
532 1198 741 1236 Epericnsibus
764 1198 793 1225 in
817 1196 972 1232 Hungaria
994 1196 1030 1223 de
1053 1195 1252 1223 controversia
1276 1204 1293 1221 a
1316 1193 1522 1221 Lauterwaldo
1541 1198 1627 1222 mota.

334 1243 441 1271 Probat
464 1243 494 1270 in
525 1241 651 1279 epistola
674 1241 710 1268 ad
734 1239 904 1273 Calvinum.
933 1239 1010 1275 quod
1033 1238 1228 1270 Sem-etus,
1263 1237 1349 1264 homo
1378 1236 1582 1273 blasphemus,
1609 1245 1627 1264 a
1647 1236 1818 1273 magistratu
1846 1235 2016 1264 interfectus
2039 1240 2098 1271 est,
2128 1240 2157 1264 et

370 1285 471 1313 scribit
493 1284 578 1312 simul
602 1293 652 1312 cur
675 1283 747 1311 nolit
771 1292 834 1310 sese
852 1282 1013 1309 immiscere
1033 1280 1247 1308 controversiae
1271 1280 1306 1307 de
1325 1288 1417 1307 coena
1439 1287 1531 1307 sacra.

303 1351 308 1357 .
334 1329 440 1366 Agitur
463 1328 498 1356 de
522 1326 624 1356 Sabini
646 1326 741 1354 reditu
759 1326 789 1353 in
811 1324 1001 1352 Academiam
1024 1323 1297 1361 Regiomontanam.

333 1369 549 1399 Commemorat
573 1374 694 1397 mortem
719 1367 842 1404 Georgii
866 1367 1072 1399 Melanthonis.
1096 1366 1141 1394 sui
1164 1365 1263 1403 patris.

333 1412 451 1442 Senatui
474 1412 627 1441 Ratisbon.
641 1411 796 1448 respondet
808 1411 843 1438 de
855 1409 1157 1438 excommunicatione
1170 1412 1199 1436 et
1221 1408 1257 1435 de
1269 1407 1373 1441 usuris,
1398 1407 1434 1434 de
1446 1407 1550 1443 quibus
1564 1406 1594 1434 N
1596 1406 1662 1436 icol.
1677 1406 1781 1434 Gallus
1800 1406 2028 1435 controversiam
2055 1406 2155 1434 movit.

334 1456 401 1485 Hoc
424 1465 523 1485 mense
543 1454 757 1491 Christophoro
780 1453 934 1481 Pannonio
958 1452 1115 1488 (Preiss)
1138 1451 1238 1479 scribit
1256 1450 1466 1488 praefationem
1488 1450 1519 1477 in
1543 1449 1693 1478 Ciceronis
1717 1449 1871 1479 orationes

334 1498 442 1528 Scribit
464 1498 576 1536 prolixe
598 1498 635 1525 ad
654 1497 794 1525 Ioannem
818 1495 1008 1530 Fridericum,
1032 1495 1146 1523 Ducem
1169 1493 1377 1528 pomeraniae,
1400 1493 1436 1520 de
1454 1497 1531 1520 recte
1552 1493 1738 1521 instituendis
1756 1492 1859 1521 studiis
1881 1492 2050 1521 litterarum.

303 1565 309 1572 .
330 1542 477 1580 Georgius
500 1551 518 1570 a
538 1541 686 1569 Kunheim
710 1540 791 1577 petit,
811 1539 866 1567 sibi
889 1538 1061 1576 desponsari
1085 1536 1316 1574 Margaretham,
1338 1536 1428 1564 filiam
1448 1535 1580 1563 Lutheri.

331 1585 487 1614 Intercedit
511 1585 588 1622 apud
607 1583 762 1611 Albertum
784 1582 899 1611 Ducem
922 1581 1059 1609 Prussiae
1082 1589 1135 1619 pro
1160 1579 1290 1616 Georgio
1313 1588 1331 1607 a
1353 1579 1517 1613 Kunheim,
1547 1584 1577 1606 ut
1601 1578 1627 1606 ei
1650 1578 1834 1614 permittatur
1852 1577 2066 1605 matrimonium
2089 1585 2156 1604 cum

369 1628 430 1657 filia
452 1627 586 1656 Lutheri.

334 1669 526 1700 Commendat
550 1669 762 1698 enarrationem
786 1667 928 1696 Hecubae
950 1666 1100 1703 Euripidis
1123 1665 1260 1702 scriptam
1283 1674 1301 1692 a
1324 1663 1453 1692 Mattheo
1476 1662 1630 1691 Heuslero.

260 1723 268 1729 ·
303 1737 309 1743 .
333 1714 432 1743 Refert
453 1715 489 1742 ad
513 1714 687 1750 Augustum,
711 1711 825 1739 Ducem
848 1709 956 1739 Saxon.
978 1710 1073 1738 Elect.
1099 1712 1205 1736 statum
1229 1707 1394 1736 scholarum
1416 1715 1487 1743 quas
1508 1707 1673 1743 inspexerat
1696 1714 1759 1732 cum
1780 1703 1958 1733 Camerario.

303 1780 309 1785 .
333 1757 502 1795 Respondet
526 1756 697 1794 quibusdam
722 1753 975 1782 concionatoribus
998 1753 1028 1780 in
1053 1751 1177 1780 Francia
1200 1752 1235 1779 de
1258 1751 1316 1779 ritu
1339 1749 1509 1778 elevationis
1532 1749 1562 1776 in
1587 1758 1677 1776 coena
1700 1757 1792 1776 sacra.

337 1798 456 1829 Calculo
478 1799 590 1827 laborat
613 1798 792 1826 Melanthon.

993 1920 1149 1951 ANNO
1187 1920 1312 1951 1555.

337 2014 403 2042 Mel.
431 2013 540 2050 gratias
568 2012 626 2049 agit
649 2010 725 2039 Duci
748 2009 940 2038 Pomeraniae
969 2017 1020 2045 pro
1049 2016 1167 2035 munere
1187 2011 1317 2043 accepto.
1362 2004 1534 2040 Sabinus,
1565 2006 1615 2042 qui
1640 2013 1672 2032 se
1698 2005 1727 2032 in
1756 2003 1874 2031 exilium
1903 2003 2024 2031 missum
2047 2003 2083 2031 iri
2106 2012 2157 2032 ex-

372 2060 478 2094 pectat,
498 2059 616 2083 vocatur
638 2054 668 2081 in
688 2053 876 2081 Academiam
899 2050 1185 2078 Francofordianam.

336 2098 506 2127 Conventus
524 2098 759 2125 concionatorum
782 2096 811 2123 in
832 2094 977 2128 Marchia,
1000 2093 1036 2120 de
1059 2093 1141 2120 cuius
1164 2092 1279 2119 decreto
1299 2091 1355 2120 vid.
1381 2100 1426 2127 cp.
1450 2091 1487 2118 ad
1507 2089 1624 2118 Besold.
1647 2090 1675 2118 d.
1697 2090 1723 2117 d.
1745 2090 1771 2116 4.
1795 2087 1879 2116 Febr.
1903 2088 1931 2116 h.
1953 2097 1980 2118 a.

338 2141 507 2169 Melanthon
532 2139 642 2168 calculo
666 2139 786 2166 laborat.

338 2183 509 2212 Melanthon
521 2183 692 2211 sententiam
706 2190 787 2209 suam
800 2180 900 2208 scribit
912 2179 947 2206 de
960 2177 1159 2206 controversia
1170 2176 1199 2204 N
1202 2176 1338 2205 orthusae
1356 2180 1419 2203 orta
1437 2176 1473 2203 de
1491 2175 1664 2203 necessitate
1685 2175 1824 2203 bonorum
1837 2182 1956 2210 operum
1968 2173 2004 2201 ad
2022 2171 2156 2200 salutem.

336 2226 423 2255 Nova
446 2226 534 2254 editio
557 2225 623 2252 libri
646 2222 786 2261 Chytraei
814 2223 850 2250 de
870 2221 1055 2250 matrimonio
1084 2224 1220 2258 paratur,
1249 2229 1267 2247 a
1290 2218 1478 2247 Melanthone
1505 2218 1615 2256 passim
1646 2217 1797 2246 emendati.
1842 2215 1902 2253 (Cf.
1926 2225 1970 2253 ep.
1993 2215 2031 2244 ad
2053 2213 2157 2253 Chytr.

373 2270 400 2298 d.
422 2269 449 2297 d.
477 2271 503 2296 1.
528 2268 616 2296 Febr.
637 2272 664 2295 et
687 2267 713 2294 d.
742 2267 789 2294 19.
813 2265 899 2293 Febr.
924 2265 950 2292 h.
975 2269 1016 2299 a.)

339 2312 490 2340 Ecclesiae
512 2312 543 2339 in
566 2310 691 2339 Polonia
714 2308 907 2336 Melanthonis
930 2306 1067 2334 iudicium
1091 2305 1126 2333 de
1149 2303 1283 2332 Staucari
1305 2304 1492 2342 opinionibus
1511 2307 1660 2341 expetunt.

340 2353 507 2391 Scripturas
528 2358 571 2382 est
593 2353 630 2380 ad
652 2352 823 2380 Prussiacos
845 2351 881 2378 de
902 2349 1112 2378 inhabitatione
1135 2345 1243 2375 Christi
1265 2348 1295 2376 in
1314 2348 1432 2375 sanctis.

340 2397 511 2425 Melanthon
532 2396 622 2424 mittit
644 2395 842 2423 definitionum
864 2392 1003 2426 libellum,
1027 2391 1088 2419 sive
1112 2400 1234 2418 examen
1257 2390 1498 2427 Megalburgense
1520 2389 1626 2418 iterum
1645 2388 1761 2416 editum.

341 2441 472 2468 Vocatur
490 2440 520 2467 in
543 2438 638 2466 aulam
662 2437 806 2466 Electoris
824 2436 860 2464 ad
883 2435 1120 2464 deliberationem
1143 2433 1179 2461 de
1202 2434 1384 2470 inspectione
1407 2433 1615 2461 Ecclesiarum.

341 2483 430 2511 Mittit
448 2481 580 2520 pagellas
603 2481 638 2508 de
660 2480 788 2508 Electro.

346 2525 412 2553 Mel.
437 2524 631 2563 proficiscitur
655 2522 810 2555 Dresdam,
833 2521 882 2549 ubi
903 2520 1018 2557 scripsit
1041 2519 1164 2547 formam
1187 2518 1362 2547 visitationis
1384 2519 1414 2546 iu
1438 2526 1521 2546 usum
1545 2517 1734 2545 visitatorum.

339 2567 426 2596 Initia
449 2566 641 2595 Comitiorum
665 2567 816 2603 Augustae
838 2563 1067 2592 vindelicorum.
