2299 2921
142 129 187 160 75

143 226 224 264 Aug.
289 227 318 254 5.

261 267 308 297 14.

261 313 308 340 15.

264 356 310 384 19.

263 441 312 470 26.

141 568 221 606 Sept.
280 569 307 596 9.

142 652 168 681 O
174 659 210 681 ct.

254 738 272 808 1010

280 654 298 680 4

278 697 294 723 8

276 739 292 766 3

276 781 292 808 6
297 803 303 808 .

140 824 218 853 Nov.
277 825 288 851 1

281 866 297 894 2

277 910 295 937 5

278 953 294 980 9

96 1027 99 1030 ’
140 1038 212 1067 Dee.
261 1039 307 1066 11.

257 1080 306 1109 25.

141 1637 227 1666 Febr.

258 1811 306 1837 17.

260 1854 306 1880 18.

141 1937 313 1966 Mammea

254 1980 304 2008 26.

139 2067 234 2104 April.

258 2282 305 2309 10.

258 2325 305 2352 11.

258 2368 304 2395 13.

257 2409 306 2439 20.

141 2451 210 2481 Mai.
259 2454 306 2480 11.

259 2496 305 2523 15.

262 2538 307 2566 18.

258 2580 306 2608 22.

796 130 981 161 PHlLlPPl
1004 130 1320 162 MELANTHONJS
1344 131 1502 163 OPERA.
1978 154 1983 159 -
2109 138 2151 169 76

345 226 469 253 Advenit
491 226 662 253 Melanthon
685 226 881 262 Vitebergam.

333 266 517 297 Camerarius
541 274 659 296 vocatur
681 268 821 305 Lipsiam.

332 312 489 345 Hemicus,
514 311 584 340 Dux
608 312 765 345 Saxoniae,
788 311 918 338 moritur.

336 354 441 383 Scribit
463 355 646 382 Melanthon:
671 354 810 390 „instituo
833 358 986 390 pertexere
1006 351 1042 381 τὰ
1066 352 1272 392 φυσιολόγικα,
1297 355 1341 382 vel
1365 360 1495 384 retexere
1519 358 1623 394 potius.
1670 359 1786 388 Abdere
1811 360 1886 388 enim
1911 368 1957 387 nie
1979 361 2009 388 iu
2032 361 2149 390 scholas

365 403 478 434 cupioffi

336 440 453 477 Lipsiae
477 443 528 473 est,
553 444 577 465 et
601 438 769 466 Camerario
793 438 893 466 scribit
914 438 1015 466 laudes
1040 439 1124 466 huius
1147 439 1227 467 urbis
1250 445 1277 467 et
1300 442 1475 470 academiae.

331 482 558 511 concinnatores
584 481 811 509 Brunsvicenses
836 481 972 516 defendit,
995 483 1043 518 qui
1067 483 1097 509 in
1119 483 1308 511 concionibus
1332 484 1491 513 Henricum
1516 485 1627 514 Ducem
1652 485 1776 515 Brunsv.
1799 488 2016 524 appellaverant
2041 490 2147 525 „einen

364 524 604 552 Mordbren11er⁶⁶.

331 568 486 596 Theodoro
516 567 628 594 scribit:
663 576 768 594 novam
799 566 1010 603 praefationem
1040 567 1138 595 addidi
1166 568 1237 596 loeis
1261 570 1462 599 communibus
1485 571 1579 606 editis,
1615 572 1666 599 sed
1692 573 1717 600 si
1742 573 1836 600 vivum
1861 577 1953 601 totum
1975 573 2079 602 librum
2102 585 2148 603 re-

364 614 471 637 texam.
1277 616 1283 622 ‘

302 675 307 681 .
331 653 435 680 Editus
458 656 499 680 est
523 652 628 680 Buceri
652 652 725 679 liber
748 652 782 679 de
806 652 951 688 colloquio
976 652 1088 680 Ratisb.

299 717 306 723 .
330 695 480 723 Prodeunt
503 695 698 722 Melanthonis
723 699 788 722 acta
811 695 948 732 colloquii
972 694 1084 725 Ratisb.

297 760 303 766 .
329 737 451 766 Carolus
474 737 638 775 Imperator
661 738 816 774 Argieram
839 738 959 775 appulit.

327 780 512 809 Camerarius
537 781 615 808 venit
637 780 775 817 Lipsiam.

295 846 301 852 .
326 823 394 851 Mel.
419 828 445 851 et
468 824 516 851 alii
538 824 668 859 theologi
690 824 861 851 sententiam
886 824 1016 852 scribunt
1042 831 1113 860 „nou
1134 823 1209 860 &titt
1228 826 1282 853 unb
1303 823 1462 860 &witela‘st

301 887 308 894 .
332 867 457 894 Enarrat
480 866 640 894 Ptolemaei
663 865 793 903 μεγάλην
812 865 960 903 σύνταξιν.

300 929 307 936 .
331 910 500 937 Accersitus
524 910 716 946 proficiscitur
738 909 767 936 in
791 910 886 937 aulam
910 910 939 937 in
965 918 1053 937 causa
1076 910 1260 947 episcopatus
1284 909 1546 947 Naumburgensis.

300 975 305 981 .
329 952 446 989 Tngae
469 962 550 980 suam
574 952 672 980 scribit
695 953 869 980 sententiam
892 953 927 980 de
952 953 1084 990 eligendo
1107 953 1368 989 inaugurandoque
1391 953 1540 991 Episcopo
1563 953 1807 992 Naumburgensi.

329 993 504 1023 Sidemanx‘o
528 995 629 1023 scribit
651 1005 708 1032 quo
732 996 818 1023 modo
842 1000 942 1024 orator
964 996 995 1024 in
1019 996 1152 1024 Ecclesia
1175 996 1279 1024 debeat
1302 1004 1366 1024 esse
1389 1001 1581 1034 comparatus.

331 1037 455 1066 Familia
479 1036 641 1066 Ca‘nerarii
663 1039 741 1065 venit
758 1038 899 1076 Lipsiam.

328 1080 521 1110 Carlstadtius
544 1082 668 1109 moritui·
690 1080 834 1110 Basileae.

329 1123 427 1161 Opera
450 1124 646 1152 Melanthonis
669 1124 804 1152 Basileae
827 1135 844 1152 a
865 1124 1015 1161 Hervagio
1039 1133 1153 1152 excusa.

329 1167 465 1195 Exeunte
488 1176 565 1195 anno
587 1167 733 1204 praefatur
756 1167 925 1195 Melanthon
948 1168 978 1195 in
997 1168 1074 1195 Acta
1096 1167 1268 1196 Conventus
1291 1167 1444 1196 Ratisbon.

1356 1073 1377 1084 x

981 1293 1138 1323 ANNO
1180 1293 1306 1324 1542.

298 1402 305 1409 .
329 1379 467 1416 Queritur
490 1381 525 1408 de
548 1381 695 1409 discordia
718 1385 745 1408 et
767 1381 887 1418 ignavia
908 1380 1079 1418 Principum
1102 1380 1338 1410 Protestantium.

297 1444 305 1452 .
328 1424 416 1452 Edita
439 1428 507 1451 sunt
529 1430 594 1452 acta
618 1428 776 1452 conventus
799 1423 1032 1452 Ratisbonensis.

328 1466 530 1504 Landgravius
556 1467 681 1494 Hassiae
705 1467 821 1497 miserat
844 1466 974 1494 Luthero
998 1471 1026 1494 et
1049 1449 1230 1494 Melanthoiii
1253 1466 1358 1494 librum
1382 1465 1537 1495 Huldarici
1561 1466 1690 1494 Neobuli
1713 1466 1845 1503 (Martini
1867 1466 1988 1504 Buceri)
2011 1467 2047 1496 de
2069 1468 2149 1507 biga-

364 1510 432 1544 mia,
456 1519 514 1546 quo
536 1509 706 1537 Melanthon
731 1511 902 1537 sententiam
924 1519 1006 1538 suam
1030 1510 1139 1538 scribit.

332 1553 485 1590 Myconius
508 1553 669 1589 periculose
692 1558 831 1590 aegrotat.

297 1616 303 1622 .
327 1595 486 1623 Recuditur
508 1594 629 1633 Lipsiae
652 1596 850 1624 Me¹anth0nis
875 1597 1019 1624 enarratio
1043 1596 1184 1624 Danielis.

328 1636 455 1666 Comitia
476 1637 495 1666 S
519 1639 633 1667 irensia.

330 1649 516 1718 Congressuii
535 1681 653 1709 Saturni
677 1686 705 1709 et
728 1682 828 1710 Martis
851 1682 880 1709 in
904 1680 1035 1720 Scorpio.
1068 1699 1104 1703 —
1136 1682 1303 1710 loachimus
1331 1680 1463 1708 Marchio
1491 1679 1673 1708 Melanthoni
1702 1684 1854 1708 succenset
1885 1684 2003 1717 propter
2032 1679 2146 1718 praeta-

363 1725 457 1753 tiones
477 1725 507 1751 in
530 1729 595 1752 acta
617 1725 755 1761 colloquii
778 1725 890 1752 Ratisb.

298 1788 303 1794 .
328 1765 496 1795 Conventus
519 1768 651 1796 ordinum
675 1766 788 1804 Spirae,
812 1768 860 1803 qui
883 1768 969 1795 finem
993 1767 1093 1795 habuit
1115 1768 1142 1796 d.
1167 1769 1212 1795 11.
1236 1766 1358 1804 Aprilis.

331 1810 511 1837 Melanthoui
534 1811 685 1838 mandatur
707 1820 724 1837 a
746 1810 882 1847 Principe
906 1810 1008 1844 Elect,
1032 1815 1062 1838 ut
1084 1819 1115 1838 se
1134 1810 1266 1847 Lipsiam
1290 1809 1419 1837 conserat
1441 1809 1477 1835 ad
1501 1808 1716 1836 instaurandam
1742 1808 1938 1836 Academiam.
2052 1831 2063 1844 x

330 1852 405 1880 Ludi
434 1853 625 1890 prohibentur
653 1854 688 1880 ab
723 1853 881 1881 Academia
912 1853 1006 1881 Viteb.
1036 1858 1153 1891 propter
1179 1852 1361 1880 imminentia
1388 1861 1406 1879 a
1427 1851 1532 1879 Turcis
1556 1851 1698 1888 pericula,
1730 1856 1757 1879 et
1778 1851 1900 1880 studiosi
1924 1851 2088 1887 hortantur,
2112 1857 2143 1879 ut

364 1905 459 1923 mores
483 1896 645 1924 emendent.

335 1936 502 1966 Camerario
521 1939 630 1973 scribit,
655 1948 739 1975 quani
763 1948 865 1975 parum
887 1939 949 1975 spei
971 1939 1076 1966 habeat
1096 1939 1131 1966 de
1154 1938 1284 1966 consiliis
1306 1942 1333 1965 et
1357 1937 1460 1965 studiis
1480 1937 1647 1974 Principum
1668 1937 1904 1965 Protestantium.

327 1980 473 2009 Lutherus
497 1982 532 2008 ad
557 1981 694 2009 Iacobum
716 1981 887 2009 Probestam
909 1982 999 2018 (apud
1019 1982 1054 2009 de
1074 1981 1163 2010 Wett.
1184 1981 1218 2009 T.
1239 1981 1272 2008 V.
1295 1991 1321 2017 p.
1342 1981 1427 2016 452.)
1452 1981 1537 2008 haec:
1570 1979 1732 2015 „Dominus
1755 1979 1909 2018 Philippus
1931 1987 2018 2007 sanus
2042 1983 2071 2007 ct
2094 1989 2143 2008 va-

363 2025 435 2060 lens,
459 2024 510 2052 sed
533 2034 607 2052 unus
631 2024 759 2052 omnium
783 2024 1027 2052 laboriosissimus
1052 2024 1147 2059 Atlas,
1171 2028 1337 2052 sustentans
1361 2023 1472 2051 coelum
1497 2028 1524 2051 et
1547 2025 1683 2053 terram.“

332 2066 539 2095 Controversia
562 2068 637 2095 inter
660 2067 773 2095 Ducem
792 2067 958 2095 Mauritium
982 2071 1009 2094 et
1031 2067 1196 2104 Principem
1220 2067 1384 2094 Electorem
1405 2067 1440 2094 de
1462 2067 1570 2103 oppido
1594 2066 1744 2094 Wurtzen.

329 2111 398 2138 Mel.
422 2111 457 2138 ad
481 2110 683 2138 Theodorum:
714 2108 1001 2146 „Sehwenckfeldius
1031 2110 1148 2147 longum
1173 2110 1307 2137 volumen
1331 2115 1431 2137 contra
1453 2119 1499 2137 me
1521 2109 1652 2146 scripsit,
1679 2109 1755 2146 quod
1778 2117 1843 2136 cum
1865 2107 2057 2145 responsione
2078 2117 2144 2136 mea

363 2153 445 2181 vobis
468 2153 607 2182 missurus
629 2154 720 2181 sum.“

299 2217 305 2223 .
328 2195 467 2233 Philippo
490 2195 675 2232 Landgravio
699 2196 797 2224 scribit
817 2196 853 2223 de
878 2195 1012 2233 bigamia.

328 2239 417 2266 Mittit
438 2237 607 2267 Camerario
630 2239 771 2276 Epicedia
790 2238 902 2266 Eobani
925 2238 1024 2273 Hessi,
1044 2236 1114 2266 Sim.
1141 2237 1271 2276 Grynaei
1295 2243 1323 2266 et
1344 2238 1430 2266 Fabr.
1455 2237 1616 2274 Capitonis.

329 2280 537 2309 Controversia
558 2282 592 2309 de
616 2282 724 2318 oppido
743 2281 885 2309 Wurtzen
904 2282 1085 2319 componitur
1109 2279 1268 2311 Griminae„

329 2324 484 2352 Finiuntnr
507 2325 623 2352 comitia
645 2323 802 2361 Spirensia.

328 2367 452 2395 Ioannes
474 2367 645 2396 Matthesius
668 2372 786 2395 vocatur
809 2367 839 2394 in
864 2367 967 2395 vallem
991 2367 1206 2401 Ioacbimicam,
1230 2372 1261 2395 ut
1279 2367 1318 2395 ibi
1341 2367 1445 2394 doceat
1463 2365 1663 2403 Evangelium.

331 2407 483 2448 Spalatino
503 2411 612 2445 scribit,
635 2410 729 2447 patrui
753 2410 867 2438 viduam
890 2411 918 2437 in
942 2410 1127 2437 matrimonio
1150 2410 1256 2437 habere
1279 2419 1398 2448 prorsus
1422 2418 1485 2437 esse
1507 2409 1650 2437 illicitum.

331 2453 419 2480 Mittit
442 2450 610 2481 Camerario
633 2453 782 2481 Psalmum
808 2453 1036 2489 „confitemini“.

329 2495 484 2533 Philippus
507 2495 635 2533 Landgr.
660 2496 735 2524 venit
758 2495 954 2533 Vitebergam‚
978 2495 1196 2531 colloquuturus
1219 2504 1284 2523 cum
1306 2495 1503 2524 Melanthone.

334 2537 505 2566 Gratulatur
528 2539 676 2566 Ioachimo
700 2538 873 2573 Marchioni,
896 2539 964 2566 duci
987 2539 1131 2565 exercitus
1151 2537 1365 2566 Germanorum
1389 2538 1527 2565 adversus
1548 2537 1669 2565 Turcas.

326 2581 414 2609 Bulla
436 2581 536 2618 Papae
558 2582 695 2610 indicitur
717 2579 880 2610 Concilium
902 2581 1106 2610 Tridentinum
1127 2581 1156 2611 d.
1182 2581 1231 2610 31.
1256 2580 1320 2609 Oct.
1344 2581 1518 2609 habendum.
