2299 2921
163 151 228 184 569
642 148 868 182 ADDENDA
891 149 954 183 AD
979 149 1111 183 VOLL.
1140 148 1232 181 XXI.
1256 147 1361 180 XXll.
1389 146 1697 180 XXVI—XXVIII.
2114 151 2179 183 570

1022 401 1271 435 ADDEND
1289 401 1318 435 A

771 475 809 505 A.
854 475 898 505 ad
921 475 1032 505 huius
1056 473 1241 515 Corporis
1269 474 1456 505 volumen
1479 474 1570 506 ΧΧΙ.

321 571 402 602 lnter
418 571 581 602 Editiones
603 570 759 600 secundae
780 571 889 600 aetatis
909 569 1059 600 Locorum
1084 569 1176 599 theol.
1199 580 1228 609 p.
1250 570 1309 599 233
1329 579 1376 608 sq.
1400 573 1472 610 post
1489 569 1548 600 Ed.
1569 572 1598 600 3.
1619 580 1696 609 quae
1716 569 1879 610 Haganoae
1897 581 1923 602 a.
1948 573 2039 602 1535.
2065 573 2093 602 8.
2112 581 2176 612 pro-

167 616 238 652 diit,
261 615 401 646 addenda
424 618 472 644 est
490 614 618 643 haecce:

373 674 456 704 Loci
477 682 647 704 communes
669 671 842 712 theoloyicz'
861 681 967 701 recens
985 671 1109 702 collecti
1132 676 1161 702 et
1183 672 1338 712 recogniti
1361 682 1381 701 a
1398 671 1552 712 Philippo
1570 672 1817 705 Melancktlzone.
1864 673 1972 704 Ulmae
1992 673 2084 705 1535.
2130 676 2175 704 8⁰.

166 743 254 775 Hanc
271 742 328 773 Ed.
352 752 452 782 neque
475 752 493 772 a
515 741 709 776 Balthasaro,
733 752 833 782 neque
856 752 874 772 a
892 742 1045 773 Strobelio
1068 746 1261 773 memoratam
1284 741 1418 782 mihique
1442 742 1493 773 illo
1513 746 1659 785 tempore,
1680 754 1739 784 quo
1759 744 1839 775 hunc
1856 742 1962 775 librum
1982 744 2074 779 edidi,
2097 753 2176 784 pror-

166 797 224 817 sus
242 787 373 826 ignotam
393 796 472 816 nunc
490 787 560 826 ipse
581 786 738 826 possideo.

320 829 399 859 Inter
417 829 578 859 Editiones
598 830 711 859 tertiae
732 830 842 859 aetatis
861 828 1011 859 Locorum
1030 828 1122 858 theol.
1149 839 1176 868 p.
1199 830 1259 858 585
1283 838 1332 867 sq.
1357 832 1428 868 post
1449 828 1507 858 Ed.
1529 832 1578 859 31.
1598 831 1779 860 mentionem
1802 830 1861 860 feci
1881 831 2002 870 quidem
2020 829 2174 860 Editionis

166 882 193 903 a.
217 874 326 907 1586„
351 882 438 912 quam
462 872 596 902 Dornius
620 873 647 901 in
668 872 860 902 Bibliotheca
882 871 991 901 Theol.
1011 872 1074 901 crit.
1097 870 1133 902 P.
1160 872 1188 900 2.
1208 881 1235 910 p.
1263 873 1334 901 697.
1356 871 1451 907 affen,
1475 873 1533 902 sed
1552 873 1629 902 duce
1651 873 1833 903 Balthasaro
1852 883 1918 904 eam
1941 873 2029 903 valde
2052 872 2175 913 dubiam

167 925 242 945 esse
262 915 332 945 dixi.
375 915 439 944 Sed
462 918 570 954 postea
589 916 617 944 in
636 915 671 945 Τ.
692 915 730 944 Ο.
750 914 895 953 Weigelii
916 913 1062 953 Catalogo
1080 913 1222 942 librorum
1241 914 1271 944 d.
1293 916 1341 943 16.
1361 914 1457 954 April.
1477 918 1507 945 et
1526 926 1615 955 seqq.
1635 926 1660 947 a.
1685 918 1774 947 1855.
1795 916 1920 956 Lipsiae
1939 916 2175 951 vendendorum,

166 957 202 988 P.
224 959 265 988 11.
289 959 366 988 inter
384 957 478 989 libros
503 959 541 987 de
562 957 669 988 Bearzi
692 957 814 997 Equitis
833 967 861 997 p.
888 960 937 987 41.
961 967 1002 986 nr.
1027 958 1098 987 586.
1119 957 1218 986 inveni
1242 957 1318 985 hanc
1340 956 1415 987 Ed.:

373 1017 623 1048 Melanclztlconis
645 1018 709 1048 loci
727 1015 1096 1056 communestheoloyici.
1144 1017 1228 1055 Any.
1259 1015 1349 1045 Vz'nd.
1399 1019 1491 1048 1586.
1538 1020 1583 1048 25⁰.

166 1085 214 1116 Ex
234 1096 294 1125 quo
318 1090 457 1126 apparet,
477 1086 530 1116 illo
553 1097 630 1116 anno
650 1085 754 1117 Locos
778 1095 848 1114 vere
866 1085 1028 1124 prodiisse.

932 1229 967 1260 B.
1013 1229 1066 1259 Ad
1090 1229 1274 1259 Volumen
1298 1228 1409 1260 XXH.

320 1321 394 1362 Pag.
416 1324 476 1353 643
496 1333 564 1362 sqq.
585 1321 706 1363 Corpus
725 1322 908 1353 Saxonicum
931 1327 962 1353 et
986 1322 1106 1362 corpus
1130 1322 1360 1354 Pomeranicum
1380 1325 1519 1354 recensui
1539 1328 1679 1364 tanquam
1700 1335 1806 1366 opera,
1830 1326 1860 1357 in
1879 1328 1990 1366 quibus
2014 1327 2093 1357 solis
2117 1332 2175 1358 ter-

164 1367 226 1396 tiae
248 1366 357 1396 aetatis
380 1365 531 1396 Locorum
554 1365 628 1396 Mel.
656 1366 813 1396 translatio
836 1367 865 1396 in
889 1366 1020 1406 linguam
1046 1366 1226 1397 Germaniae
1249 1367 1397 1397 inferioris
1424 1368 1598 1402 inveniatur.
1646 1369 1710 1399 Sed
1734 1380 1772 1399 ex
1800 1368 1963 1400 Davidis
1993 1369 2174 1411 Chytraei

164 1408 299 1449 epistola
315 1409 354 1438 ad
371 1409 599 1439 Melanthonem
617 1409 779 1439 Rostochii
800 1410 827 1439 d.
849 1411 876 1438 2.
896 1409 973 1439 Νον.
996 1412 1086 1439 1555.
1106 1411 1219 1449 scripta
1242 1411 1286 1449 (in
1306 1410 1397 1440 huius
1416 1410 1507 1450 Uorp.
1526 1410 1597 1441 Vol.
1610 1412 1693 1442 VIII.
1707 1422 1736 1452 p.
1752 1414 1838 1450 599.)
1858 1413 2050 1452 intelligitur,
2070 1414 2173 1444 Locos

165 1462 341 1481 communes
360 1451 434 1481 Mel.
459 1453 516 1481 iam
537 1452 589 1481 illo
612 1462 689 1482 anno
709 1462 779 1481 cura
802 1451 945 1492 Chytraei
965 1453 993 1481 in
1014 1452 1175 1482 dialectum
1199 1453 1352 1482 Saxoniae
1376 1454 1525 1484 inferioris
1550 1464 1624 1484 esse
1649 1466 1825 1486 conversos.
1871 1456 1903 1486 ln
1927 1457 1983 1486 hac
2009 1458 2088 1486 enim
2113 1458 2173 1497 epi-

163 1494 245 1524 stola
269 1493 345 1523 haec
366 1494 519 1533 leguntur:
546 1496 681 1534 „Scripsi
700 1496 738 1525 ad
757 1500 786 1525 te
808 1500 898 1525 antea
922 1496 959 1525 de
983 1496 1114 1526 editione
1136 1496 1270 1526 locorum
1290 1496 1544 1536 theologicorum,
1568 1508 1647 1537 quos
1667 1499 1695 1528 in
1720 1498 1879 1529 Dialecten
1904 1500 2086 1530 Saxonicum
2105 1511 2173 1530 con-

162 1546 271 1566 versos
291 1537 499 1576 typographus
524 1541 626 1568 noster
645 1539 796 1568 excudere
819 1539 964 1574 instituit3
988 1549 1080 1578 quare
1098 1543 1269 1569 reverenter
1288 1544 1376 1579 peto,
1400 1544 1432 1570 ut
1455 1544 1534 1570 tuam
1554 1541 1739 1571 voluntatem
1764 1544 1852 1572 nobis
1876 1544 2050 1583 significes,
2080 1543 2172 1583 idque

162 1579 298 1618 inprimis
322 1589 358 1609 an
383 1580 513 1618 aliquam
540 1582 608 1610 eius
634 1582 735 1620 operis
759 1585 873 1619 partem
894 1582 992 1611 denuo
1019 1586 1155 1611 retexere
1179 1583 1315 1621 cupias.·⁴
1361 1582 1567 1613 Melanthonis
1592 1594 1774 1624 responsum
1798 1586 1827 1615 d.
1854 1588 1902 1616 14.
1924 1586 2002 1617 Nov.
2032 1588 2122 1617 1555.
2143 1587 2172 1616 ei

162 1622 274 1656 datum,
299 1632 358 1660 quo
377 1626 469 1652 totam
488 1633 550 1652 rem
573 1623 657 1652 illius
682 1624 792 1653 iudicio
812 1626 955 1663 permittit
973 1635 1071 1663 neque
1090 1625 1153 1654 ullo
1172 1625 1261 1654 modo
1283 1626 1458 1662 editionem,
1483 1627 1521 1656 de
1540 1637 1598 1665 qua
1622 1629 1762 1666 quaestio
1783 1632 1861 1662 erat,
1887 1629 2044 1668 prohibet,
2062 1629 2173 1668 legitur

163 1665 234 1695 ibid.
257 1674 287 1704 p.
308 1667 378 1696 607.
425 1665 472 1695 Ex
491 1666 540 1696 his
561 1666 703 1705 colligere
726 1667 808 1702 licet,
831 1669 937 1697 tertiae
960 1668 1068 1697 aetatis
1091 1668 1240 1697 Locorum
1262 1668 1336 1697 Mel.
1358 1668 1585 1699 translationem
1609 1671 1637 1699 in
1661 1671 1823 1701 dialectum
1846 1671 1998 1702 Saxoniae
2021 1672 2171 1702 inferioris

162 1708 220 1737 iarn
243 1717 321 1737 anno
348 1710 437 1739 1556.
458 1718 587 1747 eamque
606 1710 766 1739 seiunctim
790 1709 950 1740 Rostochii
974 1711 1084 1740 editam
1104 1721 1189 1742 esse.
1234 1711 1276 1741 At
1295 1712 1444 1741 eiusmodi
1468 1712 1561 1742 editio
1580 1722 1680 1752 neque
1704 1714 1787 1749 mihi,
1814 1725 1913 1754 neque
1937 1715 2004 1750 alii,
2029 1719 2171 1754 quantum

160 1751 243 1785 scio,
267 1750 425 1790 hucusque
448 1752 583 1782 innotuit.

917 1896 953 1927 C.
998 1898 1053 1928 Ad
1080 1898 1262 1928 Volumen
1286 1898 1414 1929 xxvl.

315 1987 416 2018 Valde
436 1989 542 2024 doleo,
564 1990 646 2028 quod
664 1990 716 2019 illo
741 2000 833 2026 anno,
853 2001 912 2030 quo
937 1990 1173 2022 Confessioncm
1197 1993 1405 2032 Augustanam
1426 1993 1524 2023 denuo
1554 1995 1655 2024 critice
1679 1996 1707 2024 in
1732 1995 1789 2025 hoe
1815 1995 1886 2026 Vol.
1917 1997 2012 2033 edidi⁷
2038 1996 2169 2028 Codicis

159 2029 350 2060 Dessaviam‘
366 2042 395 2070 p.
410 2032 470 2061 215
485 2042 531 2070 sq.
545 2033 674 2062 breviter
686 2034 829 2063 recensiti
848 2036 1075 2065 accuratissima
1087 2035 1188 2065 Editio
1202 2047 1249 2065 me
1263 2037 1348 2075 sugit,
1363 2047 1451 2075 quam
1474 2037 1580 2067 Mich.
1604 2039 1741 2068 Weber
1763 2038 1899 2069 exhibuit
1917 2040 1945 2069 in
1964 2040 2060 2070 hocce
2078 2040 2170 2071 libro:

367 2090 534 2131 Confessio
557 2092 737 2131 Augyustana
757 2097 786 2122 el
808 2093 986 2133 Responsio
1011 2095 1180 2134 Pontificio
1209 2106 1262 2125 seu
1287 2096 1471 2134 Confutatz'o
1501 2107 1579 2136 quae
1604 2098 1695 2137 vulyo
1724 2099 1842 2128 dlez'lur
1869 2102 2027 2139 utramque
2055 2110 2169 2130 summa

409 2134 576 2173 (lile'yentia
600 2146 638 2164 ao
662 2136 725 2174 fide
754 2145 770 2163 e
801 2136 918 2166 Codice
950 2138 1150 2167 Dessaviensi
1177 2141 1369 2178 exscriptam
1398 2150 1462 2169 cum
1491 2140 1726 2179 Proleyomene‘s
1751 2145 1781 2171 et
1810 2141 2040 2181 Epileyomenis
2062 2144 2169 2173 eadem

408 2177 574 2216 diliyenlia
599 2188 637 2206 uo
655 2179 719 2215 fide
743 2180 829 2219 lypis
850 2180 1040 2210 reddendam
1066 2184 1185 2211 curavit
1214 2182 1267 2211 Mi
1274 2182 1387 2212 eltab'l
1412 2183 1543 2212 Weber
1572 2184 1691 2214 Plze'los.
1716 2185 1758 2213 M.
1780 2185 1966 2223 Scrr'plurae
1989 2196 2100 2215 sacrae
2124 2186 2168 2216 D.

408 2219 535 2250 Primus
562 2220 663 2250 Theol.
685 2221 856 2261 Professor
878 2224 910 2251 ἰιι
929 2224 1100 2253 Academia
1125 2225 1337 2264 Vr’teberyemi
1360 2230 1417 2255 etc.
1438 2245 1477 2248 -—
1505 2226 1654 2256 Vemlitnr
1673 2228 1710 2256 ab
1729 2228 1810 2266 Aug).
1829 2227 1955 2258 Kulzm'o
1974 2228 2167 2259 MDCCCX.

410 2263 445 2291 21
472 2264 572 2302 plagg.
599 2266 634 2293 8⁰
659 2263 774 2301 (Prima
799 2265 877 2304 plag.
902 2277 959 2296 non
983 2268 1061 2305 sign.
1087 2269 1219 2297 continet
1242 2268 1403 2308 epistolam
1429 2280 1576 2309 nuncup.;
1602 2281 1688 2309 seqq.
1715 2273 1731 2299 6
1757 2271 1857 2310 plagg.
1880 2271 1937 2300 litt.
1957 2271 2055 2301 A—F'
2077 2273 2166 2311 sign„

407 2315 436 2344 p.
465 2308 577 2335 1—96.
603 2305 837 2346 prolegomena3
861 2318 949 2347 seqq.
975 2312 992 2339 8
1018 2310 1118 2349 plagg.
1142 2310 1197 2340 litt.
1221 2311 1322 2340 A———H
1341 2313 1435 2351 sign.‚
1459 2322 1486 2351 p.
1515 2315 1648 2343 1-1‘28,
1673 2312 1909 2345 confessionem
1933 2314 2066 2354 August.
2086 2316 2168 2345 eius-

407 2358 466 2386 que
490 2347 734 2379 confutationem
755 2361 772 2379 e
792 2349 868 2380 Cod.
890 2351 1020 2382 Dessav.
1045 2354 1159 2387 editas3
1180 2357 1252 2384 extr.
1274 2356 1301 2384 6.
1321 2355 1420 2395 plagg.
1444 2355 1497 2385 litt.
1523 2356 1635 2391 A-F‚
1660 2367 1689 2396 p.
1717 2360 1827 2387 1—94.
1852 2357 2094 2397 Epilegomena).

156 2411 189 2442 ln
220 2412 310 2442 huius
337 2413 403 2443 libri
427 2414 656 2455 prolegomenis
687 2430 715 2457 p.
743 2421 833 2449 1—7.
859 2419 966 2450 Codex
993 2420 1124 2451 Dessav.
1155 2422 1334 2453 describitur
1363 2428 1394 2453 et
1417 2425 1445 2453 in
1474 2425 1609 2454 secunda
1633 2426 1770 2455 sectione
1799 2435 1827 2464 p.
1857 2427 1968 2456 3—62.
1999 2425 2166 2456 Confessio

155 2455 286 2495 August.
306 2467 343 2485 ex
361 2457 419 2486 hoc
438 2457 513 2488 Cod.
539 2470 606 2489 cum
626 2462 765 2491 omnibus
786 2463 937 2492 scribendi
968 2465 1171 2503 compendii&
1196 2476 1272 2504 quae
1298 2468 1325 2495 in
1356 2477 1392 2496 eo
1422 2468 1624 2501 inveniuntur,
1655 2472 1713 2497 tam
1742 2472 1882 2498 accurate
1906 2470 1988 2508 typis
2013 2469 2167 2508 descripta

156 2502 215 2533 est,
234 2502 266 2528 ut
289 2497 435 2529 Codicem
455 2502 552 2540 ipsum
572 2505 610 2532 ob
630 2504 736 2533 oculos
760 2505 872 2535 habere
891 2507 944 2535 tibi
968 2507 1107 2536 videaris.
1143 2508 1268 2538 Minime
1292 2511 1379 2548 igitur
1399 2510 1514 2544 dubim,
1539 2512 1620 2548 quiin,
1640 2512 1666 2540 si
1691 2511 1747 2540 hac
1768 2510 1823 2541 Ed.
1844 2512 2072 2541 accuratissima
2091 2516 2164 2542 tunc

154 2543 297 2580 temporis
321 2553 398 2572 usus
419 2554 532 2579 essem,
552 2545 655 2584 plures
675 2547 766 2577 huius
786 2547 862 2579 Cod.
884 2550 983 2579 varias
1006 2549 1155 2580 lectiones
1178 2551 1386 2590 adnotassem.
1409 2563 1497 2591 quarn
1518 2563 1555 2582 ex
1581 2553 1642 2584 Ge.
1669 2553 1786 2584 Gottl.
1811 2555 1965 2584 Weberi
1992 2555 2164 2589 collatione,

155 2593 243 2622 quam
266 2584 362 2614 solam
386 2590 510 2617 secutus
530 2597 613 2625 sum,
636 2590 786 2620 adnotavi.
