2299 2921
147 101 188 134 31

794 103 979 135 PHILIPPI
1002 103 1321 137 MELANTHONIS
1345 104 1505 137 OPERA.
2111 112 2155 146 32

148 199 234 228 Mart.
343 198 435 227 Fama
454 204 515 226 erat
537 208 649 236 sparsa,
670 203 799 227 mortuos
824 208 886 227 esse
907 198 1068 227 Lutherum
1089 203 1117 226 et
1140 199 1369 228 Melanthonem.

339 242 479 270 Melantb.
500 242 559 269 edit
581 242 744 278 Virgilium.
767 259 808 262 —
832 241 982 278 Improbat
1005 241 1140 278 Zwinglii
1163 243 1336 270 sententiam
1358 243 1394 270 de
1417 252 1500 271 sacra
1523 253 1621 274 coena.

268 285 315 313 14.
338 284 408 312 Dux
433 283 579 313 Saxoniae
602 285 719 312 Elector
742 285 829 318 iubet,
850 287 881 311 ut
904 284 1033 319 theologi
1054 284 1280 322 Vitebergenses
1299 286 1395 323 capita
1417 287 1566 316 doctrinae
1583 292 1786 317 controversae
1809 289 1839 317 in
1862 299 1946 319 usum
1970 292 2152 322 comitiorum

371 327 475 355 litteris
498 328 644 360 mandent,
668 327 807 363 szriptuin
830 326 957 362 Tor-gam
981 326 1114 360 afferant,
1133 336 1224 364 seque
1242 329 1278 356 ad
1302 329 1357 356 iter
1380 334 1490 366 parent.

268 371 316 399 21.
341 370 480 406 Princeps
503 370 621 397 Elector
643 368 815 402 Lutherum,
839 368 1066 403 Melanthonem‚
1090 370 1312 407 Bugcnhagium
1335 376 1363 399 et
1385 371 1486 400 Ionam
1508 372 1637 410 Torgam
1658 375 1789 404 accersit.

268 413 316 442 27.
336 413 404 440 Mel.
428 413 544 449 Torgae
568 416 618 440 est.
664 411 708 439 Ibi
732 412 768 440 ue
791 411 933 448 Campani
952 412 1137 448 opinionibus
1160 414 1299 442 iudicium
1323 415 1350 442 ei
1373 419 1417 443 est
1438 415 1599 444 dicendum.

148 464 242 503 April.
287 465 315 492 3.
338 464 476 500 Princeps
498 464 615 490 Elector
633 462 731 499 Torga
750 471 868 490 movens
894 472 958 490 eum
982 462 1126 500 theologis
1148 465 1203 493 iter
1221 466 1382 502 ingreditur
1405 467 1576 503 Augustam.

338 505 430 533 Lente
453 505 600 542 progressi
621 505 651 532 in
670 505 782 540 itinere,
804 504 946 542 Princeps
969 506 1087 534 Elector
1110 517 1175 535 cum
1199 508 1344 546 theologis
1374 510 1453 537 venit
1475 509 1654 546 Coburgum,
1677 510 1726 538 ubi
1750 511 1858 541 diutius
1883 514 2052 542 commorati
2073 520 2150 544 sunt.

369 565 410 569 —
433 548 602 575 Melanthon
626 548 728 585 incipit
751 548 847 585 capita
867 549 1015 576 doctrinae
1038 551 1220 577 conscribere
1242 552 1273 578 in
1296 552 1420 579 comitiis
1445 553 1593 580 tradenda.

150 591 199 621 21.
214 592 259 620 vel
274 591 323 620 22.
342 590 482 628 Princeps
512 591 628 618 Elector
659 600 724 618 cum
759 591 955 626 Melanthone,
984 590 1066 626 Iona,
1090 591 1244 629 spalatino
1267 598 1296 620 et
1318 594 1458 630 Agricola
1481 595 1641 631 digreditur
1662 595 1812 634 Coburgo,
1834 597 1874 625 ibi
1896 597 1998 626 relicto
2019 597 2151 628 Luthero

371 634 419 671 qui
440 638 507 671 post
536 633 644 661 abitum
669 633 816 671 Principis
836 635 863 661 d.
879 634 928 661 22.
944 635 1017 672 Apr.
1041 643 1072 662 se
1100 635 1212 663 confert
1235 636 1264 663 in
1287 645 1381 664 arcem
1402 636 1530 675 Coburg,
1558 639 1606 667 ubi
1629 647 1722 676 usque
1750 641 1787 668 ad
1815 640 1842 668 d.
1868 641 1896 670 4.
1919 639 1984 669 Oct·
2017 642 2152 671 consedit

370 681 398 704 et
420 676 547 704 Vitum
571 676 836 711 Theodorum,
855 676 1133 714 Norinbergensem‚
1158 679 1269 707 socium
1292 679 1401 708 habuit.

262 720 311 748 27.
336 718 539 756 Norinbcrgae
561 724 776 748 commorantur
794 720 938 757 Princeps
961 724 989 747 et
1010 720 1166 758 Theologi.

262 762 311 791 28.
335 762 453 790 Abeunt
476 763 650 798 Augustam.

264 805 312 834 29.
334 804 479 832 Lutherus
507 809 666 842 occupatur
694 806 724 833 in
749 805 903 833 scribenda
930 805 1132 843 „OErnmbmmg
1158 816 1193 835 cm
1220 807 1261 837 bie
1285 806 1458 841 &cimicem
1484 809 1651 844 netsammelt
1679 811 1729 845 auf
1751 810 1809 840 bem
1828 810 1975 850 metmetag
2000 821 2031 851 gu
2054 812 2152 851 muge·

370 849 468 884 burg,“
491 857 578 884 quam
601 857 670 876 mox
693 848 857 876 absolutam
881 848 959 876 misit
982 848 1182 887 Vitebergam‚
1206 854 1238 878 ut
1260 850 1461 879 excuderetur.

146 891 214 919 Mai.
284 892 310 920 1.
334 890 402 918 Mel.
422 894 465 918 est
484 890 709 919 Donawerthae.

283 932 311 961 2.
335 933 477 970 Princeps
500 933 617 961 Elector
640 943 704 961 cum
727 934 890 971 Theologis
912 934 1002 962 intrat
1024 935 1198 972 Augustam.

281 976 310 1006 4.
335 976 504 1004 Melanthon
525 976 678 1004 exordium
703 978 780 1014 Aug.
803 976 1006 1006 confessionis
1028 978 1176 1014 aliquanto
1199 977 1417 1019 ῥητορικότερον
1440 978 1518 1015 facit,
1539 988 1626 1017 quam
1648 979 1720 1008 illud
1743 980 1899 1018 scripserat
1921 980 2061 1020 Coburgi.

267 1020 313 1047 11.
339 1016 491 1047 Confessio
514 1020 591 1056 Aug.
614 1019 736 1048 mittitur
759 1018 927 1057 Coburgum
951 1021 988 1048 ad
1006 1019 1175 1049 Lutherum.

262 1061 308 1090 12.
331 1061 485 1099 Philippus
507 1061 711 1099 Landgravius
735 1063 823 1091 Hass.
846 1064 935 1090 intrat
957 1064 1131 1101 Augustam.

262 1105 309 1133 15.
331 1104 477 1133 Lutherus
489 1106 610 1133 remittit
622 1106 834 1134 confessionem
854 1106 909 1133 sibi
923 1107 1083 1144 probatam.
1104 1123 1142 1128 —-
1166 1107 1334 1134 Adveniunt
1357 1108 1446 1144 legati
1460 1106 1714 1145 Norinbcrgenses
1737 1113 1767 1137 et
1789 1109 1925 1138 adferunt
1943 1109 2152 1140 confessionem

369 1157 386 1175 a
409 1148 665 1176 concionatoribus
688 1148 812 1176 Norinb.
836 1150 1038 1186 conscriptam,
1059 1159 1133 1186 quae
1155 1149 1339 1177 Melanthoni
1362 1159 1420 1178 non
1442 1150 1586 1187 displicet.

332 1191 478 1228 Theologi
502 1191 670 1227 Principum
695 1192 923 1219 Protestantium
946 1192 1006 1219 fere
1029 1193 1159 1228 quotidie
1183 1195 1337 1221 conciones
1357 1201 1455 1221 sacras
1479 1193 1587 1221 habent
1606 1194 1636 1222 in
1661 1194 1776 1232 templis
1794 1195 1985 1232 Augustanis.

266 1234 313 1262 19.
337 1232 471 1261 Indicant
493 1234 632 1271 theologi,
656 1235 725 1271 quid
746 1234 909 1262 faciendum
931 1236 979 1269 sit,
1001 1235 1026 1262 si
1049 1233 1159 1263 Caesar
1183 1236 1340 1263 conciones
1363 1235 1437 1263 solvi
1460 1236 1585 1264 iusserit.

261 1276 312 1306 20.
335 1275 482 1304 Lutherus
504 1277 672 1314 Philippum
692 1276 855 1314 Landgrav.
877 1277 964 1305 Hass.
989 1278 1130 1312 hortatur,
1153 1287 1189 1305 ne
1209 1277 1398 1315 Zwinglianis
1421 1278 1527 1307 faveat.

257 1319 307 1349 22.
330 1319 501 1348 Melanthon
527 1320 619 1348 multa
642 1324 732 1348 mutat
750 1321 779 1348 in
803 1320 997 1349 confessione.
1023 1337 1063 1342 —
1086 1320 1230 1349 Hortatur
1250 1320 1429 1357 Lutherum,
1448 1326 1479 1350 ut
1501 1320 1721 1358 Landgravium
1743 1321 1870 1351 Hassiae
1892 1327 2019 1358 moneat,
2036 1327 2069 1352 ut
2090 1323 2154 1361 ipse

366 1372 482 1400 quoque
504 1363 680 1391 confessioni
702 1363 873 1392 subscribat.

260 1404 309 1434 24.
335 1404 493 1442 Georgius,
509 1405 638 1433 Marebio
658 1404 826 1441 Onolsbac.,
846 1408 1011 1443 Augustam
1030 1406 1128 1436 intrat.
1150 1423 1190 1427 —-
1214 1406 1376 1442 Pontanus,
1400 1407 1592 1435 cancellarius
1619 1405 1703 1442 Sax.,
1727 1407 1940 1436 confessionem
1970 1408 2154 1446 recognoscit

368 1453 395 1476 et
422 1448 554 1476 elaborat
581 1450 611 1477 in
646 1448 798 1477 formando
824 1449 941 1486 epilogo
969 1453 997 1477 et
1027 1449 1160 1487 prologo.
1185 1466 1226 1470 —-
1249 1449 1360 1478 Caesar
1394 1459 1446 1488 per
1474 1450 1588 1487 legatos
1606 1450 1735 1488 postulat
1755 1460 1772 1478 a
1795 1450 1878 1479 Duce
1902 1449 1972 1480 Sax.
1995 1450 2098 1487 Elect.,
2121 1455 2154 1480 ut

368 1491 463 1520 edicto
488 1491 697 1519 wormatiensi
716 1492 949 1530 obtemperetur,
978 1497 1007 1520 ct
1034 1492 1181 1529 theologis
1204 1494 1361 1521 conciones
1382 1493 1489 1521 habere
1517 1494 1678 1522 interdicat.
1725 1494 1804 1529 (Vid.
1828 1494 1967 1531 scriptum
1990 1494 2052 1522 eius
2073 1494 2152 1532 apud

367 1533 524 1562 coelestin.
546 1534 581 1563 T.
606 1534 629 1563 I.
653 1545 681 1572 p.
708 1535 757 1563 50.
801 1534 902 1573 Chytr.
926 1546 954 1573 p.
978 1537 1027 1564 37.
1069 1535 1200 1563 Mueller.
1220 1546 1248 1573 p.
1273 1536 1343 1564 502.
1364 1540 1393 1563 et
1406 1536 1571 1564 Walchium
1594 1537 1624 1564 in
1647 1546 1714 1574 opp.
1734 1536 1821 1565 Luth.
1844 1537 1879 1565 T.
1903 1536 1987 1564 XVI.
2009 1546 2037 1573 p.
2062 1537 2150 1574 824.)

259 1576 307 1605 25.
332 1576 400 1605 Mel.
425 1578 566 1614 quaedam
590 1577 692 1606 scribit
713 1578 750 1606 ad
773 1578 982 1607 defendendam
1006 1579 1239 1606 emendationem
1260 1588 1419 1614 sacrorum,
1444 1584 1471 1606 et
1494 1579 1606 1616 colligit
1622 1579 1790 1617 gravamina
1799 1579 1892 1608 Ducis
1913 1577 1980 1608 Sax.
1995 1579 2148 1608 Electoris.

255 1619 307 1648 28.
331 1619 482 1648 Fontanus
502 1625 529 1649 et
550 1620 678 1657 theologi
701 1622 873 1649 sententiam
897 1622 997 1650 dicunt
1020 1623 1055 1650 de
1076 1622 1265 1650 concionibus
1285 1622 1519 1650 intermittendis.

331 1662 477 1700 Theologi
500 1668 528 1692 et
551 1662 722 1691 Conciliarii
744 1662 812 1692 Sax.
836 1669 1015 1702 occupantur
1039 1665 1068 1692 in
1090 1665 1328 1702 recognoscenda
1351 1666 1427 1702 Aug.
1449 1664 1641 1693 confessione.

259 1706 308 1735 31.
330 1704 483 1735 Confessio
507 1707 676 1743 germanica
698 1707 825 1735 nondum
848 1712 891 1736 est
913 1708 1054 1736 absoluta.
1099 1707 1224 1736 Latinae
1254 1708 1445 1736 confessionis
1475 1707 1676 1744 apographon.
1701 1707 1747 1736 cui
1769 1711 1866 1735 tamen
1888 1707 1994 1736 desunt
2010 1707 2149 1746 prologus

366 1753 394 1776 et
415 1750 558 1787 epilogus,
581 1750 649 1777 item
673 1750 813 1778 articulus
836 1750 871 1778 de
893 1751 951 1778 fide
975 1756 1004 1778 et
1026 1751 1170 1788 operibus,
1194 1751 1316 1778 traditur
1335 1750 1452 1788 Legatis
1473 1750 1648 1786 Norinberg.

332 1790 403 1819 Dux
433 1791 503 1821 Sax.
534 1791 654 1820 Elector
681 1794 840 1830 respondet
868 1793 974 1830 legatis
997 1791 1143 1827 Caesaris,
1165 1791 1327 1821 Comitibus
1350 1803 1367 1820 a
1389 1793 1506 1821 Nassau
1530 1797 1558 1820 et
1576 1803 1594 1821 a
1615 1792 1748 1827 Nuenar,
1769 1801 1801 1820 se
1824 1793 1886 1822 eius
1904 1793 2048 1821 mandatis
2072 1794 2099 1822 d.
2119 1794 2147 1822 d.

367 1834 415 1862 24.
439 1835 510 1862 Maii
528 1835 649 1872 obsequi
673 1844 731 1862 non
754 1845 849 1872 posse.
895 1836 975 1873 (Vid.
998 1846 1172 1874 responsum
1202 1837 1280 1873 apud
1303 1834 1460 1864 Coelestin.
1481 1836 1505 1864 I.
1529 1845 1556 1873 p.
1581 1837 1630 1864 51.
1662 1835 1793 1865 Mueller.
1820 1845 1849 1873 p.
1879 1837 1949 1865 506.
1982 1835 2148 1865 Walchium

366 1877 396 1904 in
419 1886 487 1914 opp.
510 1876 597 1906 Luth.
620 1877 704 1906 XVI.
728 1888 756 1915 p.
782 1879 868 1915 829.)

335 1920 404 1948 Mel.
428 1921 586 1957 respondet
607 1921 643 1948 ad
666 1929 719 1948 sex
743 1921 927 1957 quaestiones
946 1921 1001 1958 ipsi
1024 1931 1042 1948 a
1062 1921 1200 1958 Principe
1220 1921 1354 1949 Electore
1377 1922 1549 1958 propositas.

143 1963 206 1992 Iun.
279 1962 306 1992 2.
331 1962 476 1991 Cochleus
500 1963 719 1991 Melanthoncm
743 1968 771 1991 et
790 1963 940 1992 Brentium
964 1964 1067 1991 invitat
1089 1965 1126 1991 ad
1149 1963 1325 2001 colloquium
1344 1965 1496 2001 privatum.

280 2007 306 2035 3.
331 2006 398 2034 Mel.
424 2006 556 2034 hortatur
576 2005 805 2041 Lachmannum,
827 2016 864 2034 ne
886 2007 982 2035 faveat
994 2006 1130 2044 Zwinglii
1152 2007 1302 2035 doctrinae
1326 2008 1360 2035 de
1382 2016 1465 2034 sacra
1485 2015 1584 2035 coena.
1608 2023 1649 2027 -
1671 2006 1812 2034 Eckius
1829 2007 1959 2035 nondum
1979 2006 2072 2043 adest,
2095 2008 2146 2036 sed

366 2048 495 2086 quotidie
513 2053 709 2086 exspectatur.

278 2092 304 2120 4.
329 2092 570 2119 Mercurinus
591 2090 813 2126 Gattinara,
831 2090 966 2120 Caesaris
990 2091 1188 2127 cancellarius,
1212 2093 1333 2121 moritur
1346 2092 1522 2130 Oeuiponte‚
1545 2092 1575 2120 in
1594 2092 1676 2120 cuius
1697 2091 1793 2120 locum
1815 2092 1894 2119 venit
1916 2090 2144 2120 Granvella-

366 2144 410 2161 nu
423 2144 436 2162 s
459 2134 646 2162 Vesontinus.

280 2178 307 2206 8.
331 2177 473 2214 Epilogus
496 2182 524 2204 et
546 2177 685 2215 prologus
707 2177 781 2214 Aug.
805 2177 879 2205 conf.
902 2176 1029 2204 nondum
1054 2182 1098 2205 est
1120 2177 1279 2207 absolutus.
1314 2178 1381 2206 Hoc
1403 2182 1534 2215 tempore
1553 2177 1697 2206 confessio
1715 2176 1831 2204 nomine
1844 2176 1938 2205 solum
1951 2177 2038 2205 modo
2050 2176 2143 2206 Ducis

364 2219 433 2248 Sax.
456 2220 547 2248 Elect.
571 2220 735 2256 conscripta
755 2224 825 2247 erat.
864 2221 964 2256 Agunt
985 2224 1080 2247 autem
1105 2220 1306 2249 Protestantes
1329 2230 1393 2248 cum
1416 2221 1561 2255 Electore,
1580 2223 1612 2248 nt
1634 2220 1763 2248 omnium
1785 2220 1903 2248 nomine
1926 2220 2104 2249 exhibeatur.

266 2263 312 2291 10.
335 2260 442 2290 Caesar
466 2263 619 2291 Monacum
642 2263 731 2290 intrat
754 2272 817 2290 cum
831 2262 1016 2290 Ferdinando
1038 2271 1115 2300 rege.

263 2307 311 2334 11.
334 2305 537 2343 Landgravius
565 2306 694 2334 Hassiae
723 2315 786 2333 cum
818 2305 1005 2333 Melanthone
1030 2310 1058 2333 et
1086 2306 1207 2334 Brentio
1229 2306 1336 2335 frustra
1359 2307 1419 2344 agit
1440 2307 1476 2334 de
1498 2305 1684 2333 admittendis
1706 2304 1895 2342 Zwinglianis
1918 2305 1955 2333 ad
1975 2305 2142 2334 societatem

364 2348 606 2377 Lutheranorum.

261 2392 307 2419 13.
332 2391 502 2419 Melanthon
524 2392 624 2419 scribit
642 2391 780 2425 Luthero‚
801 2394 833 2418 ut
844 2389 1060 2427 Landgravium
1084 2391 1215 2420 hortetur
1237 2393 1273 2420 de
1296 2392 1421 2420 vitandis
1433 2391 1634 2428 Zwinglianis,
1656 2391 1705 2428 qui
1725 2390 1896 2419 seditionem
1918 2394 2022 2429 parent
2039 2390 2143 2418 adver-

366 2443 414 2462 sus
437 2432 601 2462 Caesarem.

256 2476 303 2504 14.
325 2476 428 2513 Legati
451 2477 575 2505 Norinb.
599 2476 788 2514 apographon
812 2475 1003 2503 confessionis
1025 2477 1208 2512 germanicae
1231 2477 1390 2514 accipiunt,
1413 2478 1463 2505 sed
1485 2477 1548 2504 sine
1571 2476 1693 2513 prologo
1717 2480 1744 2503 et
1768 2476 1895 2513 epilogo,
1919 2475 1988 2513 quia
2009 2483 2078 2512 spes
2097 2479 2141 2503 est

367 2519 429 2546 fore
453 2525 483 2546 ut.
505 2520 649 2548 confessio
671 2519 799 2547 oninium
824 2519 1048 2546 Protestantium
1077 2520 1193 2546 nomine
1223 2520 1392 2547 exhibeatur
1425 2519 1553 2548 Caesari.
1596 2519 1744 2547 Articulus
1767 2519 1802 2546 de
1825 2519 1883 2547 fide
1902 2522 1930 2546 et
1952 2518 2087 2555 operibus
2108 2517 2140 2546 in

366 2561 550 2591 confessione
572 2563 740 2600 germanica
762 2564 863 2599 (quam
885 2561 973 2598 legati
995 2562 1022 2589 d.
1051 2562 1098 2590 15.
1122 2561 1185 2590 Iun.
1209 2562 1424 2600 Norinbergam
1442 2563 1573 2599 mittunt)
1597 2566 1650 2597 est,
1673 2562 1725 2590 sed
1745 2562 1873 2590 nondum
1891 2562 1921 2589 in
1943 2561 2042 2589 latina.
