2299 2921
185 127 249 159 129

972 124 993 153 i.
1041 122 1249 155 ANNALES
1269 122 1412 154 VtTAE.
1592 134 1597 138 ·
2142 122 2202 153 130

187 223 272 252 Febr.
301 224 350 251 26.
375 222 495 250 Moritur
517 220 731 248 Fridcricus
756 220 951 247 Palatinus
981 219 1105 247 Elector.

187 318 270 345 Mart.

190 709 286 746 April.

192 794 261 822 Mai.

187 1100 249 1128 Iun.

186 1356 242 1385 Iul.

188 1834 266 1871 Aug.

187 2095 268 2134 Sept.

326 317 334 343 1

304 403 336 430 ll

304 529 338 557 21

375 265 478 292 Petrus
500 262 621 300 Couyza
646 261 810 290 Lithuanus
824 262 998 299 Vitebergae
1022 269 1074 295 est,
1099 267 1125 289 et
1149 262 1260 298 spargit
1272 260 1435 289 Serveticos
1459 269 1579 289 errores

345 338 350 344 .
375 315 496 344 Cometa
518 313 695 350 conspicitur
715 323 808 350 prope
828 313 1065 353 προτρυγητῆρα,
1101 313 1222 340 caudam
1251 314 1279 339 in
1304 311 1453 348 Belgicum
1472 311 1656 349 protendens.
1682 328 1718 332 —
1746 310 1887 338 Ascendit
1910 314 2013 347 postea
2031 310 2068 338 ad
2094 312 2199 339 Arctu-

408 367 482 392 rum,
507 362 534 383 et
557 357 593 384 ad
617 356 758 383 minorem
781 365 890 384 ursum.
936 356 1017 391 (Vid.
1042 365 1087 392 ep.
1111 356 1138 384 d.
1166 356 1211 383 13.
1241 356 1327 392 Apr.)

342 422 348 428 .
371 400 438 428 Mel.
462 399 607 436 praefatur
629 398 659 426 in
681 398 766 428 Tom.
792 398 874 426 VIII.
898 408 966 436 opp.
990 398 1111 426 Lutheri
1134 398 1364 435 germanicorum
1388 397 1423 424 ad
1444 397 1581 425 Ioannem
1605 396 1801 424 Marchionem
1824 395 2042 432 Brandenburg.

376 441 482 471 Scribit
506 443 541 470 ad
565 441 781 470 Camerarium:
808 451 884 477 „non
906 441 1037 477 poetica:
1062 441 1247 468 carnificinae
1270 441 1346 477 apud
1370 440 1479 467 inferos
1509 448 1593 475 pares
1617 443 1683 466 sunt
1706 448 1786 466 meae
1810 438 1977 466 carnificina
2001 447 2075 474 equa
2098 447 2199 466 excru-

411 486 470 513 cior
493 484 653 513 scribendis
676 484 929 521 disputationibus,
952 484 1077 520 legibus,
1101 483 1338 520 praefationibus,
1363 482 1521 520 epistolis.“

347 550 352 556 .
377 528 615 560 Cranmerus,
635 526 800 563 Episcopus
825 526 1055 560 Cantuariensis,
1080 527 1256 554 comburitur
1275 526 1302 553 in
1328 525 1444 562 Anglia.

305 572 353 599 24.
377 571 573 604 Pfausero,
605 566 813 597 Concionatori
837 569 1015 596 Ferdinandi
1040 571 1127 606 regis,
1150 569 1307 605 respondet
1329 569 1365 596 ad
1388 567 1433 595 XI
1455 567 1640 605 quaestiones
1663 567 1698 594 de
1722 576 1808 594 causa
1838 566 2000 602 Evangelii.

305 614 352 643 25.
377 613 443 643 Mel,
469 614 504 640 de
528 612 735 640 controversiis
758 612 787 639 in
812 612 987 639 Pomerania
1010 613 1109 639 scribit
1129 612 1164 639 ad
1189 611 1325 639 Iacobum
1350 611 1498 648 Rungium
1523 615 1551 637 et
1575 610 1774 637 Erdmannum
1796 606 2002 646 Copernicum.

379 655 519 684 Nicolaus
539 653 645 682 Gallus
668 658 768 682 contra
792 655 1010 682 Melanthonem
1034 655 1133 682 scribit
1155 655 1190 682 de
1208 654 1299 682 libero
1326 653 1454 682 arbitrio.

312 709 358 736 13.
383 707 494 734 Rursus
519 706 612 734 editur
635 705 833 734 Melanthonis
857 707 1001 734 enarratio
1025 706 1167 743 epistolae
1191 706 1227 733 ad
1247 705 1406 739 Romanos,
1430 715 1514 741 quam
1539 704 1640 733 Ulrico
1663 704 1824 731 Mordisino
1848 703 1932 730 dicat.

306 751 355 778 28.
380 750 448 777 Mel.
470 748 601 786 Lipsiam
627 749 828 785 proficiscitur.

330 795 354 820 1.

380 791 539 819 Intercedit
562 791 639 827 apud
663 791 815 818 Albertum
838 791 948 819 Ducem
970 792 1105 819 Prussiae
1136 800 1187 827 pro
1209 789 1326 818 Sabino.

381 833 649 862 Schwenckfeldius
673 834 788 870 scripsit
811 839 912 862 contra
932 839 998 861 acta
1020 833 1279 869 Norinbergensia.

329 879 356 906 7.
380 877 450 906 Mel.
472 882 515 904 est
538 878 639 904 iterum
663 876 845 912 Vitebergae.

311 922 359 949 ³27.
383 919 552 957 Disputatio
576 919 695 956 publica
722 919 752 946 in
788 919 945 946 Academia
977 919 1069 945 Viteb.
1093 917 1176 945 Pauli
1206 918 1241 944 ab
1277 917 1390 950 sinen,
1414 917 1459 943 cui
1484 916 1653 943 Melanthon
1678 917 1773 952 capita
1795 916 2001 952 disputationis
2024 916 2139 953 scripsit
2162 916 2197 943 de

324 2226 350 2295 νὴ

305 2481 351 2508 17.

306 2522 345 2550 ‘20

412 962 620 990 intercessione
644 961 753 989 Christi
776 966 878 989 centra
901 961 1110 995 Canisium,
1142 960 1324 996 Theologum
1345 960 1530 995 Pragensem,
1567 959 1615 995 qui
1649 959 1879 995 reprehendebat
1912 958 2034 986 formam
2068 967 2201 996 precum:

415 1005 475 1041 „fili
498 1004 565 1038 Dei,
590 1004 655 1031 Iesu
679 1003 804 1037 Christe,
839 1004 985 1031 intercede
1009 1012 1062 1040 pro
1086 1002 1203 1035 nobis&
1238 1007 1265 1029 et
1284 1001 1483 1034 contendebat,
1518 1001 1608 1029 filium
1644 1001 1699 1029 Dei
1734 1010 1792 1029 non
1816 1006 1849 1029 ut
1874 1001 2073 1036 mediatorem,
2091 1002 2143 1030 sed
2167 1005 2199 1029 ut

412 1048 514 1081 Deum,
538 1047 677 1074 bonorum
701 1046 840 1079 datorem,
863 1046 1054 1073 invocandum
1079 1054 1149 1072 esse.
1185 1044 1241 1077 (Cf.
1266 1054 1309 1081 ep.
1329 1045 1355 1073 d.
1382 1044 1431 1072 23.
1454 1044 1524 1071 Maii
1544 1048 1570 1071 et
1593 1045 1619 1072 d.
1649 1045 1694 1072 13.
1718 1044 1789 1080 Iul.)

342 1121 348 1127 .
374 1099 540 1125 Melantbon
566 1103 684 1125 vocatus
710 1097 852 1125 Dresdam
877 1097 1072 1134 proficiscitur
1095 1095 1236 1133 Lipsiam.

349 1162 355 1169 .
379 1140 497 1177 Lipsiae
521 1140 675 1168 subscribit
699 1140 861 1173 formulam.
887 1150 942 1176 qua
962 1140 1159 1167 controversia
1184 1138 1272 1166 Pacei
1297 1148 1361 1166 eum
1388 1138 1453 1165 aliis
1478 1139 1731 1166 concionatoribus
1753 1138 1833 1175 Lips.
1859 1138 2018 1175 composita
2043 1144 2095 1166 est.

376 1184 482 1211 Postea
507 1183 700 1219 proficiscitur
715 1182 867 1215 Dresdam,
892 1183 1044 1210 comitibus
1059 1182 1187 1209 Pvucero
1211 1186 1239 1207 et
1260 1181 1377 1208 Martha
1400 1181 1459 1207 tilia
1474 1179 1584 1209 Sabini.

376 1226 488 1254 Iudicat
512 1227 546 1254 de
569 1225 689 1263 Synodo
710 1226 877 1261 germanica
898 1225 1039 1252 habenda.

342 1291 348 1296 .
370 1270 423 1297 Est
446 1270 474 1295 in
500 1269 607 1306 oppid.)
632 1268 848 1302 Ioachimstbal,
870 1273 900 1294 ut
924 1269 1020 1295 visitet
1047 1267 1231 1294 Matthesium
1262 1271 1470 1303 aegrotantem.

344 1333 350 1340 .
373 1312 480 1339 Iterum
504 1316 543 1339 est
568 1311 696 1348 Lipsiae,
720 1311 795 1338 unde
817 1311 970 1338 revertitur
998 1311 1124 1338 domum.

374 1353 480 1383 Scribit
503 1355 538 1382 de
561 1354 757 1382 controversia
779 1354 815 1381 de
837 1363 859 1382 s.
887 1362 979 1381 coena
1001 1363 1018 1380 a
1038 1352 1183 1389 Wigando
1203 1358 1308 1380 contra
1326 1351 1481 1380 Calvinum
1495 1356 1582 1380 mota.

344 1420 348 1425 .
372 1398 419 1425 De
442 1396 526 1434 Toga
549 1401 575 1424 et
599 1397 635 1423 de
655 1396 749 1423 Pallio
772 1396 870 1424 scribit
888 1397 924 1424 ad
946 1395 1188 1424 Buchholzerum.
1234 1393 1292 1428 (Cf.
1317 1395 1402 1422 etiam
1426 1404 1470 1431 ep.
1495 1394 1521 1421 d.
1550 1396 1598 1423 10.
1622 1394 1698 1431 Aug.
1723 1395 1759 1422 ad
1783 1394 1934 1430 eundem.)

344 1462 349 1468 .
374 1439 488 1467 Flacius
513 1449 565 1477 per
587 1439 750 1467 Hubertum
773 1439 956 1476 Languetum
997 1438 1125 1476 postulat
1148 1448 1164 1465 a
1188 1438 1383 1471 Melanthone,
1417 1441 1448 1464 ut
1470 1436 1627 1475 Cosvigam
1647 1437 1744 1465 veniat
1777 1438 1813 1464 ad
1839 1437 2015 1474 colloquium
2038 1437 2200 1466 habendum

410 1492 475 1510 cum
500 1482 600 1510 Flacio
624 1487 651 1509 et
671 1483 731 1509 eius
750 1482 884 1510 adseclis.

381 1525 547 1553 Melanthon
571 1524 724 1561 Langueto
754 1533 856 1553 causas
891 1525 1021 1562 exponit,
1056 1534 1106 1552 cur
1141 1533 1205 1551 cum
1241 1523 1350 1557 Flacio,
1384 1520 1473 1550 Gallo
1508 1527 1536 1550 et
1573 1522 1715 1550 similibus
1750 1523 1895 1560 colloquia
1927 1523 1963 1550 de
1991 1523 2122 1551 doctrina
2151 1523 2202 1551 ha-

412 1569 479 1595 bere
501 1568 581 1595 nolit.

344 1633 350 1639 .
375 1611 494 1639 Flacius
516 1612 615 1648 itaque
640 1610 853 1637 Melanthonem
878 1610 953 1646 apud
977 1609 1158 1647 Languetum
1191 1609 1375 1636 vehementer
1398 1613 1525 1636 accusat.

328 1656 356 1682 5.
380 1654 553 1681 Melanthon
578 1662 661 1681 suum
685 1653 819 1680 rescribit
841 1653 978 1680 iudicium
1003 1653 1038 1680 de
1058 1652 1150 1680 forma
1171 1652 1320 1679 doctrinae
1351 1656 1378 1678 et
1411 1651 1517 1679 rituum
1551 1650 1748 1679 Ecclesiarum
1784 1650 1962 1688 Wolfgangi,
1994 1650 2086 1678 Ducis
2108 1650 2201 1679 Bava-

412 1697 472 1724 rici.
519 1696 600 1729 (Vid.
617 1706 661 1733 ep.
677 1696 705 1725 d.
735 1697 781 1723 16.
805 1695 857 1725 Iul.
884 1700 912 1723 et
931 1695 1079 1723 Reischeri
1103 1695 1241 1732 scriptum
1265 1695 1292 1721 d.
1319 1694 1369 1722 25.
1394 1694 1465 1722 Dec.
1490 1694 1517 1721 h.
1540 1694 1581 1729 a.)

305 1742 310 1749 ‘
348 1764 353 1769 ,
379 1738 498 1767 Gratias
521 1740 581 1775 agit
607 1739 681 1775 Regi
704 1737 817 1766 Daniae
842 1749 895 1775 pro
916 1743 1036 1775 accepto
1060 1738 1205 1775 stipendio
1241 1737 1468 1773 „ffluanmgetnffl
1500 1737 1620 1774 (quovis
1642 1745 1718 1764 anno
1745 1736 1804 1763 100
1828 1736 2003 1773 imperiales.
2047 1735 2198 1765 Eiusmodi

408 1783 515 1811 donum
539 1787 692 1819 acceperat
713 1782 780 1808 inde
803 1782 838 1809 ab
862 1791 938 1809 anno
966 1782 1057 1809 1546.
1083 1791 1101 1807 a
1121 1780 1200 1817 Rege
1229 1779 1352 1808 Daniae.

347 1856 352 1862 .
377 1833 430 1861 Est
452 1832 613 1861 Dessaviae
637 1838 665 1859 et
688 1832 834 1869 praefatur
856 1833 884 1860 in
905 1833 1024 1860 librum:
1051 1831 1252 1868 ,Genealogia
1276 1836 1304 1859 et
1325 1830 1473 1859 Chronica
1494 1834 1540 1859 Dec
1559 1831 1665 1865 όῇαιιῖεὸ
1686 1830 1823 1867 ⁵211119a1tf⁴

345 1897 350 1902 .
374 1876 461 1903 Redit
485 1876 603 1902 Viteber
626 1885 682 1902 aui.

344 1940 350 1946 .
375 1917 494 1947 Scribit:
521 1884 667 1953 „iamghic
691 1923 755 1945 sunt
781 1918 837 1946 duo
860 1918 1018 1946 Senatores
1043 1916 1202 1953 lglaenses,
1224 1917 1314 1951 missi,
1339 1922 1369 1944 ut
1392 1921 1539 1953 pastorem
1561 1915 1707 1943 Ecclesiae
1729 1925 1799 1943 suae
1832 1916 1954 1943 indicari
1973 1920 2081 1952 petant.
2123 1915 2200 1943 Petit

413 1962 498 1988 etiam
521 1970 538 1987 a
562 1960 645 1987 nobis
670 1970 705 1986 ex
732 1960 854 1988 Polonia
878 1958 985 1988 Comes
1009 1961 1044 1987 ab
1070 1959 1206 1997 Ostorog,
1227 1960 1348 1988 formam
1372 1960 1427 1987 sibi
1447 1959 1520 1987 mitti
1546 1958 1695 1986 Ecclesiae
1718 1963 1835 1986 nostrae
1861 1962 1888 1985 ct
1910 1958 2149 1987 confessionem.“

347 2026 352 2031 .
377 2002 558 2040 Iglaensibus
581 2003 702 2030 mittitur
725 2003 836 2030 Pastor.

345 2068 353 2077 .
377 2046 515 2073 Editurus
534 2051 577 2073 cst
600 2045 768 2073 Melanthon
799 2045 908 2082 aliquid
931 2050 1032 2074 contra
1054 2045 1197 2081 Flacium,
1216 2043 1363 2082 Conyzam
1386 2045 1574 2078 Lithuanum,
1595 2048 1623 2072 et
1644 2041 1754 2072 Canisii
1784 2043 1984 2080 blasphemias.

349 2119 354 2125 .
380 2097 495 2133 Accipit
519 2097 554 2124 ab
580 2096 709 2130 Alberto,
734 2096 816 2124 Duce
835 2096 982 2131 Prussiae,
1002 2107 1078 2124 nova
1100 2098 1219 2135 scripta,
1239 2100 1270 2124 ut
1292 2098 1327 2124 de
1346 2098 1382 2125 iis
1400 2097 1514 2124 iudicet.

377 2140 540 2177 Epistolam
571 2140 809 2176 nuncupatoriam
844 2140 874 2167 in
909 2139 1056 2167 Helmoldi
1082 2140 1229 2167 historiam
1265 2138 1427 2173 Slavorum,
1458 2149 1476 2166 a
1503 2136 1707 2166 Schoerckclio
1736 2138 1851 2171 editam,
1874 2137 1972 2165 scribit
1996 2137 2033 2164 ad
2057 2136 2199 2165 Ioannem

414 2182 605 2215 Fridericum,
630 2182 742 2210 Ducem
768 2182 969 2210 Pomeraniae.

376 2225 442 2253 Mel.
465 2226 592 2262 graviter
615 2225 772 2262 respondet
793 2225 893 2253 Flacio
916 2224 1043 2262 Illyrico.

347 2289 353 2295 .
376 2269 493 2306 Accipit
516 2268 621 2296 librum
644 2267 736 2295 Flaeii
760 2277 865 2295 novum
898 2275 968 2304 „non
988 2271 1033 2297 Det
1054 2269 1205 2304 OEinigteit“
1232 2272 1298 2302 etc.,
1340 2268 1387 2295 ubi
1406 2266 1524 2294 Flacius
1548 2266 1574 2294 ei
1597 2265 1778 2293 conditiones
1800 2265 1880 2302 pacis
1904 2265 2030 2302 scripsit,
2049 2274 2122 2301 quae
2134 2263 2200 2292 Fla-

411 2311 448 2338 cii
470 2311 652 2348 impudentia
674 2321 691 2339 a
713 2311 879 2338 doctoribus
902 2315 931 2338 et
953 2310 1135 2338 scholasticis
1155 2310 1410 2347 Vitebergcnsibus
1443 2309 1603 2348 aegerrime
1636 2308 1732 2336 fertur.
1787 2307 1936 2335 Prodeunt
1959 2307 2039 2335 varia
2063 2307 2193 2335 carmina

410 2353 440 2380 in
461 2354 663 2381 contumeliam
687 2353 892 2381 Flacianorum
915 2354 1033 2390 scripta⁷
1057 2362 1178 2390 quorum
1202 2354 1259 2381 duo
1283 2353 1426 2391 elegantia
1438 2356 1596 2390 praestant,
1622 2351 1704 2378 videl.
1727 2351 1911 2387 „synodus
1933 2351 2054 2379 avium
2079 2354 2201 2378 auctore

412 2395 522 2424 Ioanne
552 2396 662 2424 Maiore
696 2396 876 2430 Ioachimo“,
911 2396 988 2432 quod
1022 2396 1112 2424 habes
1145 2396 1174 2424 in
1209 2395 1330 2433 Scriptis
1364 2396 1487 2433 publicis
1522 2394 1696 2422 Academiae
1732 2393 1880 2430 Viteberg.
1914 2392 1949 2420 T.
1983 2392 2085 2429 111.p.
2109 2394 2147 2427 3.‚
2170 2396 2202 2419 et.

408 2437 573 2475 Idyllion
596 2440 636 2466 de
661 2439 879 2473 Philomela,
903 2439 972 2468 ibid.
996 2448 1022 2475 p.
1053 2439 1121 2466 lOb.

377 2479 500 2509 Carolus
524 2480 634 2509 Caesar
656 2491 691 2509 ex
715 2482 836 2518 Belgico
859 2482 976 2518 navigat
998 2482 1028 2508 in
1051 2481 1231 2519 Hispaniam.

350 2546 355 2550 .
382 2523 551 2552 Melanthon
578 2524 613 2552 dc
637 2524 743 2553 calceis
767 2529 794 2552 et
817 2524 958 2552 sandaliis
982 2529 1109 2552 veterum
1132 2525 1288 2562 respondet
1319 2523 1527 2552 Buchholzero.

380 2566 465 2593 Mittit
489 2566 632 2604 pagellam
654 2567 689 2594 de
711 2567 870 2594 mediatore
893 2567 1047 2601 (adversus
1075 2565 1250 2601 canisium).

396 2632 547 2650 MHLANTH.
563 2632 643 2651 OPER.
668 2633 730 2652 VOL.
748 2633 846 2651 xxvnl.
1955 2620 1963 2642 Ι
