2299 2921
125 103 190 137 333
309 104 346 138 Il.
382 103 572 137 INDICES.
614 104 655 135 H.
678 103 819 136 INDEX
841 103 1036 136 EPlS'rOL.
1062 103 1172 138 PHIL.
1196 104 1299 137 MEL.
1323 104 1663 138 ALPHABETICUS
1687 107 1773 139 PER
1800 107 1944 141 lNlTlA.

167 198 235 228 Scio
254 205 282 228 te
304 202 397 229 virum
421 201 547 229 doctum.
582 199 667 234 VIII,
692 200 763 230 329.

166 242 242 278 Scis,
265 243 335 272 olim
358 248 427 272 ante
450 242 602 271 sacrificia.
638 242 707 277 VII,
733 243 803 273 633.

166 284 231 314 Scis
253 291 286 314 ut
309 287 352 314 vir
375 285 581 323 Philosophus.
614 285 685 319 VII,
710 286 781 315 622.

165 328 224 356 Tot
246 330 372 357 vidimus
393 329 449 357 hoc
468 328 632 365 septennio.
666 327 751 364 VIII,
773 329 842 358 143.

168 372 274 408 Τέττιξ
295 374 347 409 μὲν
369 374 476 409 τέττιγι
492 387 543 399 ——.
569 370 687 406 Quanto
710 371 810 408 magis.
846 369 886 407 X,
911 372 961 402 47.

122 412 346 453 Staudenio,
369 414 619 451 Hieronymo:

164 456 253 485 Hunc
275 458 450 496 Magistrum
473 456 615 484 hannem
639 456 794 485 Francum.
825 457 876 485 VI.
904 457 973 487 115.

120 498 268 536 Steten,
291 500 422 538 Georg.
447 509 479 528 a·

165 543 199 573 (t.
219 544 377 580 (ξβτεηῠεῇε
393 544 483 579 miffen
504 545 555 571 0116
576 543 741 578 cbristltcbem
754 543 898 579 fflerftanb.
928 542 1014 579 VIH,
1031 544 1102 574 130.

121 584 292 621 Stibaro,
316 586 494 614 Danielo:

163 629 376 657 Adolescentes
396 628 554 656 Francicos
577 633 608 655 ut
630 628 720 656 initio.
744 627 827 665 VIII,
852 629 924 659 345.

162 672 342 709 Expatiatus
360 671 490 708 Lipsiam
513 671 558 699 ad.
595 671 632 706 V,
660 672 706 700 13.

164 714 233 743 Non
257 715 357 742 dubito
379 719 407 742 te
430 724 492 751 pro.
527 713 565 749 V,
590 715 638 743 90.

164 757 250 793 Quod
274 758 360 786 faust.
384 757 485 794 felixq,
504 757 552 791 sit,
572 758 740 795 expatiatus
763 767 836 788 sum.
870 757 926 794 III,
954 759 1022 788 165.

119 798 292 835 Stibaro,
317 799 554 829 Sebastiano:

163 842 237 872 Cum
262 847 329 880 post
350 843 474 871 reditum
500 852 545 870 ex.
580 841 649 877 VII,
670 843 740 872 680.

162 885 221 914 Dei
244 885 384 914 beneficio
408 885 486 914 filius
507 890 573 913 tuus
595 885 732 914 Ioannes.
767 885 836 921 VII,
861 886 931 915 849.

162 929 309 957 Existimo
332 933 360 956 te
383 933 414 956 ut
436 933 558 966 patrem.
590 927 660 964 VII,
683 929 754 958 752.

119 969 323 1008 Stieglich,
347 970 590 1001 Sebastiano:

163 1014 227 1042 Etsi
247 1015 308 1042 scio
331 1015 366 1042 de
389 1015 470 1043 meis.
496 1013 547 1047 VI,
574 1014 644 1043 217.

119 1055 303 1094 Stigelio,
327 1057 478 1085 Ioanni:

162 1100 328 1136 Acquiesco
350 1109 408 1127 non
432 1099 504 1126 nihil
527 1099 636 1136 legens.
668 1098 736 1133 VII,
761 1100 831 1127 694.

161 1143 364 1170 Admiratione
386 1142 494 1178 ingenii
514 1142 566 1169 tui.
600 1140 652 1176 VI,
677 1142 747 1171 783.

160 1185 323 1221 Aliquanto
346 1185 473 1221 ineptius
498 1190 549 1213 est.
588 1184 623 1217 V,
648 1185 718 1213 759.

160 1228 249 1265 Apud
273 1228 460 1255 Aristotelem
483 1228 512 1255 in
534 1227 711 1255 Rhetoricis.
740 1226 809 1262 ΥΠ,
833 1228 904 1257 858.

160 1271 249 1307 Apud
272 1270 433 1298 Homerum
456 1270 614 1298 Menelaus.
648 1269 685 1301 V,
712 1271 782 1299 854.

159 1313 309 1341 Assumsit
330 1322 454 1341 massam
478 1313 580 1341 nostri.
616 1312 702 1348 VIII,
729 1314 776 1342 13.

159 1356 237 1384 Boni
260 1356 366 1384 ominis
389 1356 463 1384 loco.
498 1356 535 1390 V,
559 1356 630 1384 557.

160 1398 308 1433 Carmina,
332 1408 406 1435 quae
429 1399 533 1427 misisti
556 1399 720 1426 ostendunt.
756 1398 824 1433 VII,
849 1399 918 1429 646.

159 1440 335 1478 Coniugium
360 1442 504 1469 humanae
527 1442 634 1470 divina.
669 1440 752 1476 VIH,
774 1442 845 1471 913.

159 1483 234 1512 Cum
257 1485 294 1512 ad
317 1493 370 1513 vos
392 1485 514 1512 accessit
535 1483 666 1522 Lycaon.
703 1483 785 1517 VHI,
814 1483 882 1514 172.

160 1525 235 1555 Cum
258 1527 387 1555 amicitia
412 1526 502 1555 virtus
524 1528 570 1555 sit.
606 1527 674 1562 VII,
695 1528 765 1556 459.

160 1570 234 1599 Cum
257 1570 438 1608 profecturus
460 1571 497 1598 ad
521 1575 705 1598 conventum.
741 1569 797 1605 IX,
825 1570 894 1599 187.

160 1612 234 1642 Cum
257 1613 343 1641 velim
367 1618 456 1641 tuum.
492 1613 528 1647 V,
552 1613 625 1642 439..

158 1656 205 1684 De
225 1661 275 1684 tuo
297 1656 415 1693 negotio
439 1657 635 1693 praecipuum.
672 1654 757 1691 VIII,
781 1656 852 1685 232.

158 1698 330 1727 Delectatus
350 1708 413 1727 sum
438 1699 575 1736 Magnete
599 1703 659 1727 tuo.
685 1698 757 1733 ΥΠ,
782 1700 853 1728 811.

158 1742 254 1770 Deum
280 1748 428 1770 aeternum
452 1748 564 1779 patrem
582 1758 633 1770 ——.
659 1743 767 1779 Magna
786 1747 860 1770 sunt.
897 1741 933 1777 V,
957 1742 1028 1771 399.

158 1785 290 1813 Dilector
313 1786 455 1821 equidem,
478 1786 517 1812 mi
539 1783 580 1814 St.
616 1785 671 1819 III,
699 1786 788 1814 1099.

158 1827 230 1856 Dixi
254 1828 450 1865 proficiscenti
473 1829 543 1857 viro.
577 1827 645 1863 VII,
673 1828 763 1857 1004.

157 1870 241 1899 Duas
264 1880 282 1897 a
304 1876 332 1897 te
356 1870 495 1908 epistolas
515 1880 626 1900 recens.
660 1870 717 1905 IX,
741 1871 812 1900 739.

157 1913 229 1942 Dux
253 1912 399 1941 saxoniae
422 1913 540 1942 Elector
561 1914 668 1943 literas.
698 1913 751 1948 VI,
776 1914 825 1943 98.

156 1955 202 1984 Eo
224 1956 361 1984 libentius
384 1957 451 1984 dedi
473 1957 571 1985 literas
595 1956 744 1985 Marcello.
777 1957 846 1992 VII,
872 1958 941 1987 147.

156 1999 196 2027 Et
217 1999 419 2027 benevolentia
439 2004 497 2027 tua.
527 1999 596 2034 VH,
621 2000 692 2029 651.

156 2042 196 2071 Et
218 2042 309 2070 debeo
332 2042 384 2070 tibi
409 2046 436 2069 et
458 2042 551 2071 habeo
569 2058 621 2071 —.
646 2041 714 2071 Scio
737 2043 835 2073 etiam.
868 2041 925 2079 IX,
949 2044 1021 2073 434.

156 2085 195 2113 Et
217 2094 271 2122 ego
294 2085 339 2112 his
362 2085 504 2122 proximis
527 2086 635 2113 diebus.
673 2085 710 2121 V,
734 2086 805 2115 842.

156 2127 195 2156 Et
216 2128 333 2156 labores
354 2128 420 2162 mei,
445 2129 531 2165 quod.
567 2128 635 2163 VII,
659 2129 730 2157 548.

155 2171 195 2199 Et
217 2170 354 2208 Reipubl.
378 2172 503 2200 nomine.
536 2171 604 2206 VII,
627 2171 698 2201 580.

156 2213 197 2241 Et
218 2214 280 2248 tibi,
304 2218 332 2241 et
354 2214 588 2242 honestissimae.
628 2214 666 2249 V,
690 2214 761 2243 427.

156 2256 194 2284 Et
218 2266 292 2284 vena
315 2260 374 2292 tua,
398 2263 426 2285 et
449 2267 558 2285 amore.
591 2257 660 2291 VII,
685 2257 755 2286 765.

156 2299 221 2327 Etsi
245 2308 434 2328 aerumnosus
457 2305 508 2328 est.
544 2300 612 2334 VII,
638 2301 729 2329 1015.

156 2342 221 2370 Etsi
244 2342 409 2370 felicissime
433 2343 546 2373 florere.
582 2343 651 2377 VII,
679 2343 769 2373 1140.

156 2384 219 2412 Etsi
243 2385 314 2412 mihi
337 2394 416 2422 spem
438 2386 516 2414 fecit.
556 2385 612 2421 III,
637 2386 708 2415 875.

155 2427 209 2455 Er.
205 2428 219 2455 i
243 2428 313 2455 nihil
338 2437 409 2456 sum.
444 2428 500 2463 IX,
525 2429 596 2458 661.

156 2470 220 2498 Etsi
243 2479 356 2508 semper
379 2472 416 2499 ob
437 2471 545 2500 oculos.
581 2471 649 2507 VII,
673 2472 746 2501 400.

156 2512 282 2541 Gaudeo
305 2514 422 2542 dulciss.
447 2519 476 2542 et
498 2515 680 2545 uberrimam
717 2514 786 2550 VII,
814 2515 884 2546 982

156 2555 291 2591 Gaudeo,
313 2557 364 2584 tibi
388 2566 446 2585 non
469 2558 661 2595 displicuisse.
697 2557 863 2594 V11‚540.

1116 1478 1127 2118 l

1201 199 1326 230 Gaudeo
1350 205 1430 230 tuum
1451 202 1597 230 iudicium.
1636 202 1673 237 V,
1698 204 1769 233 448.

1200 242 1382 279 Gothanum,
1406 254 1492 282 quem
1514 254 1616 282 nuper.
1649 245 1720 281 VII,
1744 247 1815 275 ¹761.

1202 285 1337 315 Gratiam
1359 288 1411 315 tibi
1434 288 1538 323 habeo,
1561 297 1618 316 car.
1642 287 1696 321 St„
1719 293 1754 316 et.
1780 288 1834 324 VI,
1858 289 1931 318 707.

1201 328 1335 359 Gratiam
1357 330 1410 358 tibi
1432 331 1535 367 habeo,
1559 332 1637 368 quod
1660 336 1688 359 et
1710 332 1890 361 memoriam.
1926 331 1980 368 VI,
2005 333 2077 363 915.

1201 370 1377 402 Gratissimo
1399 374 1496 402 animo
1519 378 1599 402 tuum
1623 383 1736 402 munus.
1771 374 1827 410 III,
1854 375 1945 404 1099.

1202 414 1376 444 Gratulatur
1398 418 1516 445 Aeneas
1539 418 1626 454 apud.
1662 416 1716 449 VI,
1743 417 1811 447 126.

1199 457 1285 488 Haec
1305 460 1334 487 in
1355 460 1517 497 procinctu.
1553 459 1606 495 IV,
1631 460 1702 489 751.

1200 500 1289 531 Hanc
1312 502 1462 539 epistolam
1487 503 1553 530 dedi
1576 502 1727 530 Neandro.
1764 502 1833 538 VII,
1858 504 1930 533 896.

1200 544 1329 574 Hessum
1352 545 1433 573 nulla
1455 546 1502 573 die
1525 546 1618 574 Musa.
1650 545 1707 580 III,
1733 547 1804 575 875.

1199 587 1267 616 Hoc
1290 589 1346 623 die,
1366 588 1509 617 videlicet.
1542 588 1610 623 VII,
1631 588 1703 618 357.

1199 629 1298 659 Hodie
1320 640 1433 660 mecum
1454 631 1569 659 locutus
1594 635 1646 660 est.
1678 631 1715 667 V,
1740 632 1811 661 557.

1198 672 1234 701 In
1258 673 1383 711 epistola
1406 683 1493 710 quam
1516 674 1582 702 dedi
1604 675 1750 703 Amando.
1785 673 1855 710 VII,
1880 674 1951 704 626.

1197 715 1233 744 In
1256 715 1375 754 Synodo
1397 716 1490 754 Tyria
1512 721 1674 746 accusatus.
1714 716 1800 753 VIH,
1825 717 1896 747 281.

1196 758 1231 786 In
1253 764 1303 788 tua
1324 760 1516 796 praefatione,
1541 764 1576 789 et.
1613 759 1669 795 IX,
1695 761 1765 790 803.

1195 800 1335 830 Libenter
1357 803 1394 830 ad
1413 806 1451 837 te,
1475 812 1655 840 quocunque.
1690 802 1777 837 VIII,
1803 804 1873 832 830.

1195 844 1316 873 Memini
1339 845 1526 874 dulcissimos
1549 855 1688 874 secessus.
1720 846 1787 882 VII,
1815 846 1906 875 1035.

1194 887 1313 916 Memini
1334 888 1435 916 laudes
1458 888 1578 916 Lucani.
1612 889 1650 924 V,
1673 890 1744 918 419.

1194 930 1355 959 Meministi
1378 930 1430 958 illa
1451 932 1536 968 apud.
1572 931 1657 966 VIII,
1683 932 1754 960 182.

1194 972 1267 1001 Mihi
1292 983 1372 1008 vero,
1397 974 1496 1002 cariss.
1521 972 1633 1012 Stigeli,
1657 979 1694 1002 et.
1729 973 1799 1009 VII,
1823 974 1895 1003 816.

1194 1015 1277 1043 Misit
1300 1016 1370 1044 mihi
1391 1017 1504 1053 aliquot
1525 1017 1671 1055 exempla.
1705 1016 1761 1052 IX,
1784 1018 1855 1046 517.

1195 1058 1281 1086 Mitto
1305 1059 1357 1086 tibi
1381 1059 1524 1095 pagellam
1548 1060 1657 1088 iudicii.
1694 1060 1779 1095 VIH,
1801 1060 1873 1088 417.

1194 1101 1280 1128 Multi
1301 1102 1379 1129 docti
1402 1107 1430 1129 et
1452 1102 1576 1130 honesti.
1601 1102 1685 1138 VIII,
1710 1104 1779 1132 114.

1196 1143 1403 1172 Narrationem
1427 1144 1489 1172 heri
1513 1154 1587 1172 cum.
1620 1145 1673 1179 VI,
1699 1146 1770 1175 817.

1194 1185 1242 1214 Ne
1265 1192 1388 1223 possunt
1410 1188 1537 1224 quidem.
1572 1187 1641 1223 VII,
1663 1190 1733 1217 958.

1195 1229 1260 1257 Nec
1283 1229 1424 1258 Basiliam
1448 1231 1516 1259 vidi.
1551 1230 1604 1266 VI,
1628 1232 1698 1260 354.

1195 1272 1266 1300 Non
1290 1281 1358 1300 casu
1382 1273 1471 1301 fertur
1496 1274 1576 1303 haec.
1614 1273 1681 1308 VII,
1708 1274 1777 1303 153.

1194 1314 1263 1343 Non
1287 1316 1461 1351 dubitemus,
1484 1322 1675 1345 servaturum.
1708 1316 1778 1352 ΥΠ,
1803 1317 1874 1346 417.

1194 1358 1264 1386 Non
1288 1364 1366 1387 metu
1390 1368 1427 1386 ne
1449 1359 1558 1389 dolore.
1592 1359 1661 1395 VII,
1686 1361 1725 1388 74

1192 1401 1273 1436 Non,
1297 1402 1321 1430 si
1343 1406 1454 1430 tantum
1479 1402 1599 1430 fundere
1619 1419 1670 1432 —.
1695 1405 1748 1431 Ae.
1783 1401 1840 1436 IX,
1865 1403 1914 1431 89.

1193 1444 1264 1473 Νοι]
1289 1445 1313 1472 si
1336 1450 1447 1473 tantum
1469 1445 1589 1473 fundere
1609 1462 1659 1475 —-.
1685 1446 1757 1474 Nec.
1792 1444 1875 1481 VIII,
1900 1444 1971 1474 297.

1192 1487 1285 1515 Nulla
1308 1493 1351 1515 est
1373 1488 1529 1516 ardentior.
1563 1488 1620 1524 IX,
1646 1491 1717 1518 747.

1193 1529 1254 1558 Oro
1278 1530 1369 1559 filium
1392 1530 1449 1558 Dei
1473 1536 1503 1559 ut
1526 1532 1623 1567 faciat,
1647 1537 1678 1560 ut
1701 1533 1756 1560 bic.
1790 1531 1874 1566 VIII,
1899 1531 1971 1561 408.

1191 1572 1297 1601 Pastor
1318 1574 1472 1603 Aristaeus
1491 1592 1547 1608 —,
1567 1575 1645 1603 Hinc
1669 1576 1745 1604 enim
1769 1575 1866 1603 ordiri.
1899 1572 1970 1609 VII,
1997 1575 2087 1604 1134.

1193 1615 1289 1645 Penes
1311 1626 1425 1645 socrum
1450 1627 1552 1646 meam.
1587 1618 1623 1652 V,
1647 1618 1717 1648 352.

1193 1659 1325 1688 Pierides
1346 1660 1454 1688 hedera
1476 1666 1663 1689 crescentem.
1697 1661 1753 1697 III,
1777 1661 1848 1690 412.

1194 1702 1286 1729 Plane
1309 1704 1462 1740 praesagio
1485 1705 1610 1740 quodam
1635 1705 1779 1734 dimisisti.
1811 1704 1850 1741 V,
1873 1704 1946 1733 841.

1192 1745 1388 1782 Posteaquam
1410 1746 1461 1773 fati
1485 1747 1528 1775 vis
1550 1757 1612 1776 nos,
1650 1748 1701 1781 VI,
1726 1749 1797 1777 562.

1193 1787 1279 1823 Quod
1303 1789 1468 1826 elegantiss.
1490 1791 1631 1818 versibus.
1662 1791 1716 1828 ΙΙΙ,
1739 1793 1809 1821 463.

1192 1831 1315 1866 Quoties
1339 1833 1425 1860 audio
1448 1832 1602 1861 iuniorum.
1638 1834 1706 1869 VII,
1731 1836 1802 1863 861.

1192 1873 1312 1902 Rectius
1335 1875 1463 1912 Lipsiae,
1487 1881 1515 1903 te
1540 1883 1703 1913 praesente.
1734 1877 1817 1913 VIII,
1842 1879 1914 1908 489.

1191 1916 1288 1955 Saepe
1310 1917 1365 1946 hoc
1388 1919 1492 1954 cogito.
1522 1918 1579 1954 IX,
1603 1921 1674 1950 644.

1191 1959 1286 1998 Saepe
1309 1961 1386 1989 hunc
1409 1961 1526 1991 dulciss.
1551 1972 1673 1991 versum.
1705 1963 1774 1998 ΥΙΙ,
1802 1965 1892 1993 1077.

1191 2002 1259 2031 Scio
1281 2008 1309 2031 te
1331 2004 1388 2031 iam
1412 2005 1481 2032 anni
1504 2010 1620 2034 metam.
1654 2005 1709 2041 IX,
1735 2008 1805 2037 666.

1190 2045 1264 2081 Scis,
1288 2047 1387 2075 Musas
1409 2048 1438 2075 in
1462 2045 1574 2076 Cadmi.
1612 2049 1668 2083 IX,
1693 2051 1741 2079 85.

1189 2088 1321 2127 Semper,
1344 2091 1440 2127 inquit
1463 2090 1608 2119 Irenaeus.
1643 2092 1695 2126 VI,
1720 2093 1790 2122 828.

1189 2133 1264 2160 Tam
1287 2133 1447 2161 honorifice
1469 2135 1585 2171 scripta.
1618 2134 1701 2170 VIII,
1727 2136 1798 2165 229.

1188 2176 1271 2204 Tuae
1291 2175 1454 2212 Halcyouis
1477 2178 1633 2214 querelam.
1668 2177 1753 2214 VIII,
1780 2179 1848 2208 185.

1188 2219 1284 2247 Tuam
1307 2220 1468 2247 orationem
1491 2220 1526 2248 de
1548 2222 1692 2257 generosi.
1727 2221 1811 2257 VIII,
1837 2221 1907 2252 257.

1187 2262 1405 2299 Typographus
1428 2263 1507 2290 dedit
1530 2263 1608 2291 mihi.
1640 2264 1708 2298 VII,
1734 2264 1804 2293 286.

1186 2304 1308 2333 Utinam
1332 2310 1360 2332 et
1382 2310 1449 2333 tuae
1472 2315 1569 2334 venae.
1600 2306 1669 2342 VII,
1695 2307 1766 2336 692.

1187 2347 1308 2376 Utinam
1331 2348 1478 2376 vindemia
1500 2349 1582 2377 vobis
1605 2349 1704 2378 leniat.
1734 2350 1803 2386 ΥΠ,
1828 2352 1898 2381 841.

1187 2390 1351 2428 Utramque
1373 2391 1523 2428 epistolam
1546 2392 1612 2429 legi.
1648 2392 1716 2428 VII,
1742 2393 1833 2424 1027

1188 2434 1279 2462 Vides
1303 2443 1432 2462 crescere
1454 2435 1596 2462 odiorum.
1634 2434 1691 2470 IX,
1716 2436 1786 2465 421.

1178 2473 1301 2514 Ὅμοιον
1325 2475 1429 2517 ὁμοίω.
1463 2477 1499 2510 V,
1525 2478 1596 2507 437

1187 2517 1306 2549 Παθων
1329 2519 1451 2556 ἕμαθοι.
1485 2498 1541 2554 IX,
1570 2522 1638 2550 155.

1180 2557 1217 2590 ³52
1240 2563 1283 2604 τῷ
1305 2560 1424 2599 “hyemi
1462 2562 1547 2598 VIII,
1572 2564 1642 2593 308.

2073 109 2139 142 334
