2299 2921
177 117 242 150 243

221 213 367 241 Pindarus
389 216 488 240 narrat
510 211 777 249 Bellerophontem.
802 209 872 245 VII,
896 210 967 239 550.

222 255 296 285 Post
317 255 438 284 minoris
462 253 600 285 Geuderi.
625 254 682 289 III,
705 255 776 283 803.

224 298 298 327 Post
319 307 420 326 necem
444 295 583 332 Socratis,
608 297 741 326 Athenis.
767 295 821 330 VI,
847 294 917 324 294.

225 341 347 370 Praeter
370 341 537 379 opinionem
557 340 671 375 accidit,
693 343 724 367 ut
746 338 895 367 manserit.
922 336 947 372 I,
972 336 1043 367 681.

223 384 381 412 Proximas
402 383 502 411 literas
524 383 598 411 dcdi.
624 382 661 416 V,
687 382 736 411 69.

221 427 337 455 Publici
359 434 532 463 congressus
554 425 655 453 nostri.
678 423 732 459 IV,
753 425 802 453 89.

221 469 400 507 Pythagorei
423 476 523 496 sumus
541 467 600 496 καὶ.
624 466 680 502 ΙΧ,
701 467 772 495 300.

221 511 338 548 Quaeso
357 516 395 546 te,
418 511 463 538 vir
485 511 605 548 optime.
626 510 652 545 Ι,
675 510 765 538 1000.

220 554 405 591 Quamquam
426 554 520 581 iustae
541 562 653 590 poenae
676 561 735 589 per.
756 550 841 586 VIII,
862 550 933 581 279.

219 597 396 634 Quanquam
420 600 448 624 et
470 604 540 624 usus
563 604 659 625 causa.
683 593 740 629 IX,
760 595 832 624 539.

223 639 397 677 Quanquam
421 647 579 676 oppressus
602 648 689 666 eram.
711 637 736 672 I,
763 637 852 666 1115.

226 681 306 717 Quid
328 682 451 719 cogitari
469 681 563 709 maius
586 685 645 710 aut.
671 680 708 715 V,
733 680 804 709 250.

224 725 303 761 Quid
323 725 371 753 1110
393 728 489 752 actum
512 724 558 759 sit,
579 733 624 752 ex.
645 723 669 758 I,
695 723 786 751 1063.

225 767 366 804 Quisquis
387 767 449 795 11110
471 771 586 794 tuarum
604 776 700 794 rerum
724 769 826 794 status.
850 763 875 799 Ι,
899 764 969 794 684.

226 810 314 846 Quod
348 810 385 838 ad
419 815 447 838 te
475 809 570 838 rarius
598 809 703 844 scribo,
739 808 782 836 vir
811 807 930 846 optime,
965 807 1087 844 quidvis.
1121 806 1163 843 11,

270 853 341 882 647.

227 894 315 931 Quod
348 895 434 924 faust.
458 899 486 923 et
515 894 586 922 felix
620 903 643 923 3.
679 892 753 921 Heri
784 895 802 922 i.
834 903 858 922 e.
890 892 936 921 die
967 892 1016 922 28.
1046 891 1160 922 Novbr.

225 937 354 1017 011118Πέ
374 938 449 1010 gl}
468 989 491 1010 S.
517 980 592 1008 redit
613 980 643 1007 in
666 979 789 1017 patriam
812 976 932 1007 Doctor.
957 977 994 1013 V,
1019 978 1089 1007 858.

227 1023 315 1060 Quod
333 1024 417 1053 faust.
434 1023 535 1060 felixq.
551 1023 597 1051 sit.
613 1021 813 1060 Hieronymus
831 1021 1022 1059 profecturus.
1037 1021 1076 1056 V,
1091 1021 1161 1051 184.

228 1066 316 1102 Quod
334 1076 380 1095 me
402 1071 461 1095 tam
484 1071 622 1094 amanter.
644 1064 697 1100 IV,
718 1065 788 1094 608.

227 1109 314 1146 Quod
337 1119 395 1138 non
418 1109 543 1137 abiicitis
576 1108 807 1136 deliberationes.
832 1107 885 1142 VI,
912 1106 983 1136 247.

227 1152 315 1189 Quod
333 1153 428 1181 rarius
449 1152 486 1179 ad
509 1156 537 1179 te
559 1151 666 1185 scribo,
685 1160 743 1178 non
767 1150 807 1178 fit.
826 1149 866 1184 Π,
890 1149 961 1179 588.

227 1194 392 1231 Quotannis
415 1195 604 1231 explorantur
626 1194 731 1222 studia.
756 1191 812 1227 IX,
837 1193 926 1221 1085.

227 1238 362 1267 Remittit
379 1237 475 1266 isthuc
496 1236 662 1274 Anglicum.
687 1235 741 1271 IV,
766 1235 836 1264 662.

227 1281 358 1319 Rogavit
380 1290 428 1309 me
450 1280 498 1308 hic
522 1279 692 1308 adolescens
711 1277 843 1305 Ioannes.
866 1276 905 1311 Π,
927 1276 996 1306 846.

229 1324 325 1362 Saepe
349 1324 385 1352 de
407 1323 464 1351 tuis
488 1326 517 1350 et
535 1322 666 1351 aliorum.
692 1320 775 1355 VIII,
802 1320 872 1349 164.

228 1366 325 1404 Saepe
345 1366 419 1395 illud
440 1366 536 1403 cogito
559 1364 602 1398 εἷς
625 1362 746 1402 ὄμματι.
770 1362 826 1398 ΙΧ,
851 1363 922 1392 840.

228 1409 310 1440 Salvi
334 1410 371 1438 ad
393 1417 447 1437 nos
470 1408 626 1437 redierunt.
651 1406 737 1441 VIII,
762 1406 832 1435 825.

229 1453 386 1487 Sanctitas,
410 1452 513 1489 pietas,
538 1451 620 1479 fides.
645 1450 699 1485 IV,
724 1449 796 1478 866.

229 1495 260 1526 S.
285 1495 399 1527 {saulus
420 1495 524 1531 sortem:
546 1493 630 1523 ffibm.
652 1494 680 1523 5.
705 1491 790 1527 VIII,
816 1490 886 1520 608.

229 1538 345 1568 Scimus
368 1547 436 1566 vere
459 1537 557 1574 colligi
576 1546 594 1564 a
616 1536 693 1564 Filio
712 1534 779 1564 Dei.
802 1532 885 1568 VIII,
908 1534 957 1563 89.

228 1581 296 1611 Scio
319 1586 347 1609 te
370 1580 535 1609 audientem
559 1577 670 1617 Synodi
693 1587 808 1606 nomen.
830 1575 915 1611 VIII,
939 1576 1009 1606 293.

227 1624 297 1654 8010
320 1629 349 1652 te
369 1623 497 1652 bonitate
521 1627 650 1650 naturae.
676 1619 733 1655 IX,
754 1620 824 1649 662.

228 1667 297 1697 8010
320 1672 348 1695 te
371 1667 529 1694 intuentem
552 1665 738 1702 cogitatione.
765 1662 834 1697 VII,
859 1662 949 1691 1102.

230 1710 298 1740 8010
316 1714 345 1738 te
363 1719 416 1747 pro
439 1713 489 1737 tua
511 1708 665 1746 sapientia.
691 1706 760 1741 VII,
783 1706 854 1735 789.

230 1752 298 1782 Scio
317 1758 346 1781 te
368 1762 423 1790 pro
445 1756 496 1780 tuo
520 1760 642 1779 summo.
667 1749 735 1784 VII,
761 1750 831 1778 753.

229 1795 299 1825 Scio
322 1800 350 1823 te
373 1804 487 1832 quoque
509 1794 594 1822 initio
615 1793 764 1821 venientis.
789 1790 845 1825 IX,
866 1790 936 1819 666.

228 1837 297 1868 Scio
320 1842 349 1866 tc
382 1847 498 1875 quoque
519 1845 605 1873 saepe
628 1836 756 1872 cogitare
780 1835 888 1862 dictum
911 1833 955 1861 de.
979 1830 1036 1867 IX,
1061 1831 1131 1862 720.

229 1881 299 1911 8010
322 1885 351 1908 te
373 1881 519 1917 sapienter
540 1879 575 1907 dc
598 1879 723 1915 ingeniis
741 1877 879 1905 iudicare.
904 1874 960 1910 IX,
984 1876 1055 1905 805.

229 1924 297 1953 Scio
320 1928 348 1951 te
369 1924 462 1951 virum
485 1923 610 1951 doctum.
634 1921 687 1955 VI,
713 1920 783 1948 236.

229 1966 298 1996 8010
320 1966 372 1994 tibi
394 1966 577 1994 notissimum
600 1973 723 1992 versum.
746 1961 830 1997 VIII,
854 1962 923 1990 103.

229 2009 298 2039 8010
319 2009 370 2037 tibi
394 2010 519 2046 optimos
540 2016 644 2036 mores.
670 2006 710 2041 ΙΙ,
735 2005 806 2034 825.

231 2053 300 2082 8010
321 2061 373 2080 vos
397 2057 491 2080 vestro
510 2050 692 2088 gravissimo.
718 2047 786 2082 VII,
811 2048 881 2077 854.

231 2095 296 2124 8013
318 2095 381 2132 ipse
404 2104 458 2132 pro
483 2099 532 2121 tua
555 2093 706 2129 sapientia.
729 2091 767 2126 V,
792 2091 862 2119 850.

231 2137 344 2176 Scripsi
367 2137 404 2165 ad
427 2136 629 2174 Spenglcrum,
649 2140 690 2170 ut,
708 2135 733 2163 si
755 2143 820 2171 qua.
846 2133 869 2168 Ι,
889 2132 960 2162 654.

232 2181 420 2210 Senescimus
445 2184 471 2207 et
494 2188 546 2207 nos
571 2183 597 2206 et
621 2183 719 2206 noster
742 2176 884 2205 Nuncius.
909 2175 993 2211 VIII,
1018 2175 1089 2204 350.

231 2223 265 2253 81
289 2229 384 2252 autem
404 2223 554 2260 ingenium
578 2221 699 2250 Valerii.
726 2220 763 2255 V,
788 2220 837 2248 49.

232 2266 280 2295 810
304 2272 356 2301 est,
379 2271 409 2293 ut
430 2266 532 2294 scribis
555 2264 638 2292 Hier.
663 2262 688 2298 I,
713 2263 784 2292 900.

231 2309 277 2338 Sit
298 2310 385 2347 igitur
409 2306 476 2348 ἱερά
498 2301 619 2345 ἄγκυρά.
645 2306 714 2340 VII,
735 2306 806 2334 573.

233 2351 294 2381 Sua
317 2353 420 2388 cuique
444 2352 535 2379 virtus
558 2350 724 2387 praecipua.
750 2347 835 2382 VIII,
859 2347 930 2376 481.

233 2394 339 2423 Sumus
362 2395 392 2421 111
416 2394 516 2422 eadem
541 2393 616 2421 navi.
642 2391 728 2425 VIII,
753 2392 822 2419 130.

235 2438 366 2466 Tametsi
390 2447 432 2471 ea,
453 2446 527 2473 quae
550 2435 620 2464 mihi
644 2434 788 2472 privatim.
816 2432 841 2467 I,
866 2432 935 2461 678.

235 2481 365 2509 Tametsi
389 2480 460 2507 1111111
484 2480 631 2510 haberem,
655 2477 732 2513 quod
755 2485 941 2513 magnopere.
962 2473 985 2510 Ι,
1010 2474 1082 2503 736.

235 2523 317 2551 Talis
337 2528 379 2550 est
402 2523 552 2550 hominum
577 2522 644 2549 vita.
668 2518 724 2554 IX,
749 2520 820 2548 896.

237 2566 316 2594 Tuas
340 2566 439 2593 literas
461 2565 572 2602 accepi,
596 2572 670 2600 quae
693 2562 773 2591 mihi.
794 2560 834 2597 ΙΙ,
859 2561 930 2590 491.

825 112 1013 146 PfflLlPPl
1040 110 1358 145 MELANTHONIS
1383 109 1548 142 OPERA.

1252 207 1333 235 Tuas
1350 205 1450 234 literas
1473 205 1544 233 mihi
1566 204 1684 235 Paulus.
1709 204 1765 240 m,
1792 206 1882 236 1028.

1252 249 1335 278 Tuas
1357 248 1456 277 literas
1479 257 1571 285 nuper
1593 248 1666 276 adeo
1689 247 1937 287 Chalcographus.
1962 248 1987 285 I,
2012 248 2083 279 792.

1252 291 1296 321 Ut
1318 292 1364 319 hic
1386 291 1504 319 veniens
1523 300 1625 321 31111113.
1651 291 1719 326 VII,
1743 292 1814 321 725.

1254 334 1295 363 Ut
1318 335 1348 362 in
1369 333 1493 371 Republ.
1520 334 1627 364 Attica.
1648 333 1718 368 VII,
1743 335 1814 364 790.

1252 376 1295 406 Ut
1318 377 1471 414 integritas
1494 376 1697 406 Nathanaelis.
1723 376 1791 413 VH,
1815 377 1886 407 808.

1252 419 1295 449 Ut
1317 419 1386 448 olim
1406 419 1488 447 aiunt
1510 420 1671 448 Astraeam.
1695 418 1748 454 IV,
1769 420 1840 449 807.

1253 462 1295 491 Ut
1317 462 1512 491 Philoxenum
1535 461 1745 500 Syracusanus.
1769 461 1837 499 VH,
1862 462 1911 492 91.

1253 504 1295 534 Ut
1317 505 1341 533 si
1363 506 1393 533 in
1412 514 1471 533 una
1493 505 1563 533 urbe
1584 506 1755 534 viveremus.
1779 504 1830 542 VI,
1855 506 1926 535 747.

1254 547 1296 576 Ut
1314 551 1375 576 tota
1397 557 1494 576 rerum
1522 552 1634 577 natura.
1659 547 1729 582 VII,
1756 547 1846 577 1021.

2122 111 2188 144 244

1254 589 1297 619 Ut
1318 591 1438 618 veniens
1456 600 1550 619 annus
1572 591 1610 619 sit
1631 589 1742 618 faustus
1765 608 1816 620 —.
1840 590 1976 619 Profecto
1995 591 2081 620 enim.
2105 590 2190 627 vm,

1300 632 1372 662 921.

1256 674 1297 704 Ut
1319 676 1439 703 veniens
1462 685 1556 704 annus
1576 676 1613 704 sit
1633 675 1746 704 faustus
1769 680 1796 703 et
1822 693 1873 704 —-.
1903 674 1966 704 Scis
1994 676 2057 714 ipse
2079 676 2192 714 impen-

1300 717 1378 747 dere.
1402 717 1487 753 VIII,
1512 719 1582 747 658.

1256 759 1377 789 Utinam
1399 759 1481 789 Deus
1504 765 1531 788 et
1554 761 1618 789 urbi
1637 765 1758 790 vestrae.
1784 761 1840 796 III,
1860 761 1909 790 66.

1256 802 1388 838 Utinam,
1407 802 1446 833 H.
1471 804 1589 840 optime,
1613 804 1671 833 diu.
1692 803 1746 838 IV,
1766 804 1836 833 828.

1256 845 1378 874 Utinam
1399 846 1447 874 hic
1470 846 1728 884 quinquagesimus
1751 855 1853 876 annus.
1873 845 1943 882 VH,
1964 846 2035 876 532.

1257 888 1443 917 Valetudinis
1466 898 1553 917 causa
1571 889 1701 918 Medicis.
1726 888 1812 924 VIII,
1836 889 1906 918 796.

1258 931 1431 960 Velociores
1450 932 1568 969 spiculis
1590 930 1741 969 Cydoniis.
1762 931 1788 966 I,
1804 932 1874 961 618.

1258 974 1344 1009 Vere,
1366 979 1399 1001 ut
1416 979 1447 1002 tu
1470 974 1582 1009 scribis,
1606 978 1728 1011 praeter.
1753 974 1807 1009 VI,
1831 974 1902 1004 248.

1257 1017 1402 1045 Versiculi
1425 1021 1492 1045 sunt
1514 1018 1544 1045 in
1567 1017 1668 1047 Aiace.
1689 1017 1726 1052 V,
1751 1017 1800 1046 60.

1256 1060 1349 1088 Vetus
1367 1060 1438 1088 illud
1457 1065 1500 1088 est
1522 1068 1656 1096 magnae.
1681 1059 1766 1095 VIII,
1790 1060 1862 1089 727.

1257 1102 1376 1131 Vicinia
1398 1103 1526 1139 duplicat
1549 1103 1641 1132 nobis.
1667 1102 1724 1138 ΙΠ,
1749 1103 1819 1132 725.

1257 1145 1399 1173 Videmus
1422 1145 1550 1173 consiliis
1573 1145 1718 1174 humanis.
1744 1144 1829 1180 VIII,
1853 1145 1924 1174 773.

1256 1186 1324 1216 ”Ea
1347 1186 1460 1226 μάχην,
1483 1187 1526 1216 ἔα.
1550 1187 1619 1222 VII,
1640 1188 1710 1217 727.

1256 1230 1311 1264 Εἰς
1333 1229 1442 1268 ὄμματ’
1465 1228 1555 1259 εὔνου.
1581 1229 1666 1265 VIII,
1691 1230 1762 1259 868.

1258 1270 1358 1301 Καλὸν
1381 1273 1439 1309 ἔξω
1462 1271 1655 1311 πραγμάτων.
1681 1272 1750 1307 VH,
1775 1272 1846 1302 227.

1262 1313 1307 1344 Τὸ
1329 1315 1435 1344 οἰκεῖον
1458 1315 1560 1351 πιέζει.
1586 1314 1655 1350 VII,
1680 1315 1750 1344 786.

1259 1357 1403 1398 Χρῆστος
1424 1356 1500 1396 οἶνήρ
1522 1355 1628 1387 κοινὸν.
1651 1357 1689 1392 V,
1713 1357 1784 1387 256.

1215 1401 1500 1438 Baumgartneri
1522 1399 1658 1429 Uxori:

1261 1444 1309 1479 311)
1333 1444 1388 1473 uub
1408 1443 1472 1474 niele
1491 1445 1587 1473 nubere
1606 1444 1634 1472 in
1653 1444 1748 1478 biesen.
1771 1443 1808 1478 V,
1832 1443 1902 1473 438.

1217 1487 1367 1521 Beiero,
1391 1485 1624 1515 Christiano:

1261 1529 1410 1557 Articulos
1433 1529 1574 1566 Campani
1596 1529 1720 1557 remitto.
1746 1527 1785 1563 11,
1810 1529 1860 1558 34.

1261 1572 1308 1600 De
1330 1572 1391 1600 filio
1415 1572 1509 1609 placet
1531 1572 1611 1601 mihi.
1636 1571 1676 1604 H,
1701 1572 1771 1600 938.

1260 1613 1336 1643 Dedi
1360 1615 1459 1643 literas
1482 1615 1549 1642 huic
1569 1614 1676 1643 iuveni.
1701 1613 1742 1648 H,
1767 1613 1838 1643 827.

1260 1657 1404 1686 Dedimus
1426 1657 1526 1685 literas
1549 1657 1595 1686 ad.
1621 1656 1660 1691 II,
1684 1656 1754 1685 666.

1261 1700 1360 1729 Hodie
1382 1700 1486 1737 scripsi
1508 1699 1598 1727 filium
1625 1699 1746 1728 duabus.
1770 1698 1810 1733 ΙΙ,
1836 1699 1906 1728 938.

1262 1743 1435 1780 Quanquam
1458 1743 1595 1770 mandata
1617 1742 1756 1770 dedimus.
1780 1741 1821 1774 ΙΙ,
1843 1742 1912 1771 680.

1261 1785 1395 1814 Sciebam
1417 1785 1499 1813 vobis
1521 1785 1708 1822 praefectum.
1732 1783 1756 1819 Ι,
1784 1785 1874 1812 1095.

1262 1827 1328 1857 8010
1351 1837 1403 1856 vos
1426 1827 1508 1857 nihil.
1532 1827 1556 1862 I,
1583 1827 1673 1857 1012.

1218 1870 1369 1906 Beiero,
1393 1870 1630 1898 Leonhardo:

1261 1914 1300 1942 Et
1322 1913 1392 1941 mihi
1414 1913 1489 1942 Phil.
1516 1913 1582 1942 Mel.
1607 1915 1682 1941 iuste
1704 1917 1740 1941 et.
1764 1911 1821 1946 ΠΙ,
1844 1912 1892 1941 99.

1219 1957 1376 1994 Beyero,
1393 1955 1627 1990 Lconhardo,
1652 1959 1687 1983 ct
1709 1955 1877 1992 Eringio:

1262 1999 1369 2037 Magna
1392 1999 1497 2026 levatio
1516 2003 1568 2027 est.
1593 1998 1646 2033 VI,
1672 1998 1742 2027 792.

1218 2042 1382 2076 Bellaio,
1406 2040 1610 2069 Guilielmo
1633 2041 1821 2077 Langaeo:

1262 2085 1351 2114 Gessi
1374 2094 1483 2112 morem
1508 2084 1658 2113 voluntati.
1683 2083 1723 2117 Π,
1748 2084 1818 2112 739.

1262 2127 1347 2156 Nihil
1370 2127 1441 2155 mihi
1461 2132 1560 2164 posset
1583 2127 1714 2155 accidere
1737 2126 1854 2153 tristius.
1878 2124 1918 2160 H,
1943 2125 2014 2154 915.

1263 2171 1302 2199 Ut
1324 2179 1438 2207 semper
1461 2179 1496 2198 ex
1520 2170 1625 2199 animo.
1649 2168 1706 2204 ΙΠ,
1729 2169 1818 2198 1190.

1219 2213 1384 2247 Bell-zio,
1407 2212 1540 2241 Ioanni
1562 2212 1752 2250 Langaeo:

1262 2257 1301 2285 Et
1322 2255 1441 2283 memini
1464 2256 1518 2283 viri
1541 2256 1688 2292 sapientis.
1712 2253 1798 2287 VIII,
1824 2254 1894 2282 670.

1263 2299 1327 2327 Etsi
1349 2298 1503 2326 multorum
1527 2298 1625 2327 literis.
1650 2297 1692 2332 II,
1715 2297 1786 2326 869.

1263 2340 1357 2379 Saepe
1380 2345 1407 2369 te
1428 2341 1587 2369 intuentem
1615 2339 1807 2368 confusiones.
1840 2337 1923 2374 VIII,
1948 2339 2020 2368 490.

1221 2385 1412 2421 Belsberg,
1436 2384 1527 2411 Paul
1550 2384 1606 2411 de:

1263 2427 1347 2456 Nihil
1370 2427 1499 2455 omnium
1523 2426 1638 2462 aegrius
1661 2424 1867 2453 desideramus.
1903 2423 1928 2459 Ι,
1954 2424 2002 2452 17.

1263 2469 1348 2499 Salve
1370 2469 1471 2504 Paule,
1492 2469 1667 2507 imaginibus
1690 2477 1724 2495 ac
1746 2467 1851 2495 virtute
1873 2466 1988 2495 nobilis.
2014 2465 2038 2502 I,
2063 2466 2112 2495 16.

1219 2513 1477 2549 Bemfingero:

1195 2555 1198 2599 ι
1263 2556 1327 2585 Etsi
1351 2555 1537 2583 humanitatis
1560 2563 1655 2583 causa.
1681 2551 1738 2588 ΙΠ,
1763 2553 1834 2582 617.
