2299 2921
148 103 212 135 267

192 199 231 227 Et
258 199 435 227 Academiae
462 199 579 227 nomine
607 198 642 226 de
671 198 832 236 privilegio.
855 197 911 234 IX,
938 199 1028 227 1055.

192 241 231 269 Et
251 251 349 270 amore
371 247 421 269 tuo
446 246 474 269 et
498 242 677 269 assiduitate.
700 240 782 275 VIII,
805 243 852 270 11.

192 284 231 312 Et
255 285 346 313 debeo
370 288 399 312 et
422 284 515 313 habeo
539 284 591 311 tibi
614 285 738 321 gratiam
761 288 790 311 et
811 293 874 321 pro.
894 282 950 319 IX,
973 284 1043 313 743.

196 327 260 356 Etsi
284 328 321 355 ad
340 327 471 355 convivia
492 332 617 364 propter.
640 325 695 361 IX,
720 326 791 355 673.

193 369 258 399 Etsi
281 370 428 398 vobiscum
452 374 570 407 propter
593 369 686 397 amici.
723 368 790 403 VII,
818 369 908 398 1097.

190 412 257 441 Hae
280 423 325 441 me
348 412 503 450 praecipue
527 412 736 440 consolatione.
771 410 839 446 VII,
861 412 951 440 1107.
1150 430 1154 468 ι

190 455 263 484 Heri
286 465 369 483 mane
391 455 561 482 narrabatur
585 454 670 488 mihi,
698 454 894 482 Franciscum.
918 453 975 487 ΙΧ,
999 454 1070 483 978.
1149 473 1154 576 Ι

190 497 248 526 Hic
270 503 369 526 noster
392 498 508 525 auditor
531 497 574 524 vir
597 496 746 525 honestus.
782 496 838 531 ΙΧ,
864 497 934 526 820.

189 540 287 569 Hodie
310 541 481 568 matutinum
503 544 626 577 tempus.
656 538 711 574 IX,
736 539 807 568 924.

190 583 224 611 In
245 583 366 611 historia
389 583 474 610 Pauli
497 582 633 620 Aemylii.
668 581 724 617 IX,
745 583 814 611 654.

190 625 263 663 Legi
286 626 433 653 decretum
457 625 604 653 Abbatum
629 625 916 661 Wirtebergensium.
946 623 1002 659 IX,
1028 624 1119 654 1036.

190 669 406 697 Misericordiae
429 667 558 702 Domini,
584 668 662 704 quod
685 677 753 696 non.
787 666 842 703 IX,
865 668 936 696 413.

190 712 270 740 Misit
310 712 365 739 huc
399 716 498 749 pastor
528 710 677 738 Ecclesiae
699 709 757 738 Dei
795 711 825 738 in
855 710 965 748 oppido
994 710 1121 738 Vinaria.

231 753 287 790 IX,
312 755 382 783 944.

189 797 318 825 Necesse
342 802 385 824 cst
413 796 495 824 vobis
517 797 635 833 negotia
658 795 783 834 publiea.
808 795 864 830 IX,
890 796 980 824 1056.

189 839 249 868 Oro
272 840 361 868 filium
385 856 435 867 —.
458 838 567 867 Sedent
589 839 618 866 in
640 838 757 866 talibus.
793 837 850 873 IX,
871 838 942 867 723.

188 882 250 911 Oro
273 888 304 910 ut
326 887 443 920 propter
462 881 659 910 Matthesium.
694 881 750 916 IX,
775 881 865 910 1002.

187 926 259 954 Post
280 926 335 953 iter
356 930 482 953 vestrum
501 925 547 953 die
571 924 620 954 28.
646 923 709 952 Oct.
741 923 824 959 VIII,
845 923 916 952 368.

188 968 275 1004 Quod
293 978 350 996 non
374 968 536 1005 respondeo
557 967 709 1003 prolixius.
744 966 812 1002 VH,
837 967 928 995 1091.

188 1011 298 1040 Rector
322 1011 498 1039 Academiae
520 1011 597 1039 Baro
621 1020 637 1037 a
662 1009 847 1047 Starenberg.
882 1007 938 1043 IX,
963 1008 1032 1038 671.

190 1053 286 1092 Saepe
309 1055 366 1082 iam
389 1055 424 1082 de
446 1054 549 1081 itinere
572 1054 648 1081 anni.
678 1051 734 1092 Ιὶξ,
760 1054 831 1082 593.

188 1096 302 1126 Scimus
325 1097 469 1133 legitimas
493 1097 616 1124 Politias
635 1105 712 1124 vere.
745 1095 800 1129 IX,
828 1095 917 1123 1032.

189 1139 254 1169 Scis
277 1140 473 1168 narrationem
502 1138 761 1176 Xenophonteam.
784 1137 839 1172 IX,
865 1137 935 1166 663.

191 1181 256 1211 Scis
276 1183 414 1220 scriptum
433 1192 497 1211 esse
519 1183 554 1210 de
576 1182 651 1210 Deo.
685 1180 741 1216 IX,
765 1181 835 1209 337.

192 1224 285 1263 Spero
308 1234 361 1253 nos
384 1226 438 1253 hac
460 1226 533 1253 hora
554 1225 600 1253 ad.
630 1223 686 1259 IX,
707 1224 777 1252 946.

190 1268 284 1306 Spero
318 1277 369 1296 vos
392 1268 539 1305 accepisse
569 1268 669 1296 literas
692 1275 787 1299 meas,
817 1266 852 1293 de
880 1264 1035 1292 Abbatum.
1069 1263 1125 1299 IX,

194 1353 295 1382 Subito
319 1354 431 1390 scripsi,
456 1363 520 1381 eum
544 1353 598 1380 iter
621 1352 828 1385 ingrederetur.
863 1350 918 1386 IX,
946 1351 1035 1380 1070.

192 1397 309 1433 Torgae
331 1397 429 1433 accepi
452 1396 550 1424 literas
572 1394 664 1423 Ducis
691 1394 905 1431 Wirtebergici.
940 1393 996 1428 IX,
1020 1394 1090 1422 447.

151 1447 349 1481 Cracovio,
375 1447 539 1475 Valerio:

193 1491 357 1519 Adfuerunt
374 1490 421 1517 hic
438 1489 540 1518 Pastor
553 1488 703 1517 Ecclesiae
715 1489 839 1517 Brunsv.
865 1487 922 1521 IX,
947 1489 995 1518 90.

150 1540 367 1576 Cranmero,
388 1541 564 1575 Thomae,
587 1540 906 1578 Archiepiseopo:

193 1588 250 1613 Ars
274 1590 302 1613 et
325 1585 473 1612 mirandus
497 1584 576 1612 ordo.
608 1583 677 1618 VII,
701 1584 771 1612 345.

190 1628 230 1656 Et
248 1628 402 1666 epistolam
427 1632 454 1655 et
476 1627 573 1654 libros.
608 1625 677 1661 VII,
702 1626 772 1654 605.

193 1671 230 1699 Et
262 1681 298 1699 ex
321 1670 490 1699 Alexandro
522 1670 591 1697 viro.
626 1669 667 1704 ΙΙ,
691 1669 762 1698 930.

191 1714 254 1742 Etsi
277 1713 366 1743 Ionas
388 1717 478 1751 pater.
501 1712 555 1747 VI,
578 1712 649 1741 801.

190 1756 366 1785 Franciscus
389 1757 504 1784 rediens
534 1765 593 1783 non
621 1755 722 1783 solum.
760 1754 815 1790 ΙΠ,
836 1755 905 1783 676.

190 1798 299 1828 Literis
322 1808 394 1836 quas
413 1800 511 1827 Ionae.
542 1798 595 1831 VI,
617 1798 689 1827 894.

191 1841 304 1870 Scimus
332 1847 494 1879 utrumque.
529 1840 614 1875 VIII,
641 1841 709 1869 119.

191 1884 314 1923 Scripsit
338 1885 374 1912 ad
402 1894 447 1913 me
471 1883 629 1913 Gualterus
652 1881 766 1912 Scotus.
802 1882 854 1917 VI,
879 1882 948 1911 780.

1150 1758 1153 1781 Ι

1150 1798 1153 1821 l

1150 1824 1153 1922 ἰ

151 1934 308 1964 Cratoni
331 1946 348 1963 a
371 1935 595 1969 Kraftheim,
619 1934 764 1962 Ioanni:

192 1979 231 2007 Et
254 1979 345 2006 debeo
369 1997 418 2005 -—.
440 1977 593 2006 Caeterum
617 1978 653 2005 de
676 1976 847 2016 Sycomoro.
870 1975 927 2012 Ix,
953 1976 1023 2005 784.
1149 1940 1154 2043 Ι

195 2022 233 2049 Et
257 2022 409 2059 epistolam
440 2022 475 2049 ad
499 2022 713 2058 Augustanum.
750 2020 803 2054 VI,
825 2019 895 2048 221.

193 2064 263 2093 Non
287 2065 386 2092 dubito
410 2069 438 2092 te
457 2064 595 2101 quotidie.
628 2062 683 2098 IX,
709 2063 780 2092 562.

193 2106 280 2142 Quod
303 2112 331 2135 et
354 2109 460 2135 veteris
482 2107 635 2135 amicitiae.
667 2105 736 2141 VII,
755 2107 828 2137 545.

194 2149 333 2185 Quotidie
352 2154 380 2177 te
399 2149 669 2178 commonefaciunt.
700 2148 757 2184 IX,
781 2149 851 2177 776.

184 2189 296 2222 ‘'Ocoov
318 2191 370 2232 ἐάρ
392 2192 548 2231 χειμῶνος.
584 2191 667 2227 vm,
692 2192 762 2221 423.

151 2242 294 2279 Creitz,
323 2245 466 2273 oanni:

195 2286 343 2322 Quantum
366 2287 486 2315 intersit.
517 2285 572 2321 III,
593 2287 664 2315 414.

151 2327 295 2366 Creitz,
314 2329 510 2358 Michaeli:

195 2372 337 2401 Exhibuit
359 2372 442 2401 nobis
464 2371 502 2400 D.
526 2371 638 2399 Doctor
662 2370 759 2400 Ionas.
794 2369 851 2405 ΙΠ,
878 2370 949 2399 841.

152 2423 344 2461 Crispino,
368 2423 607 2451 Leonhardoz

195 2467 338 2503 Equidem
356 2467 439 2494 faveo
458 2465 571 2494 libellis.
607 2464 663 2499 III,
682 2465 752 2494 563.

194 2509 292 2538 Faveo
317 2510 472 2537 memoriae
492 2508 649 2536 Mutianae.
685 2506 742 2543 III,
766 2508 836 2537 502.

195 2551 308 2580 Vellem
332 2550 467 2589 Crispine
490 2551 608 2588 optime.
644 2550 681 2585 V,
706 2551 754 2580 56.

794 101 977 134 PHILIPPI
1008 101 1325 135 MELANTHONIS
1355 102 1513 135 OPERA.

2097 105 2162 139 268

1180 196 1377 232 Crodelio,
1402 199 1545 227 Marco:

1222 239 1348 269 Causam
1368 241 1462 269 habeo
1484 241 1606 269 itineris.
1648 241 1700 276 VI,
1726 242 1796 271 833.

1222 282 1403 311 Commendo
1426 284 1488 312 tibi.
1522 284 1559 319 V,
1584 285 1655 314 572.

1222 325 1398 354 Communes
1422 331 1498 361 sunt,
1522 327 1561 355 mi
1580 327 1686 354 Marce.
1723 326 1775 362 IV,
1803 328 1874 357 877.

1222 368 1296 396 Cum
1318 369 1436 406 Torgae
1457 378 1593 398 essemus.
1628 369 1680 404 VI,
1706 370 1777 399 819.

1221 411 1268 439 De
1291 412 1358 440 vino
1381 412 1502 449 gratiam
1526 413 1629 440 habco.
1664 412 1717 446 IV,
1743 413 1812 442 788.

1219 454 1284 482 Etsi
1305 455 1404 483 literas
1427 455 1494 483 dedi
1517 453 1648 493 Cygneo.
1682 454 1736 486 VI.
1762 455 1832 484 215.

1220 496 1284 525 Etsi
1303 497 1401 534 magni
1424 502 1491 525 sunt
1511 498 1660 526 tumultus.
1694 497 1747 530 VI,
1770 498 1842 526 714.

1220 539 1284 567 Etsi
1307 541 1436 568 maxima
1459 550 1525 577 pars
1548 541 1706 568 hominum.
1741 540 1793 574 VI,
1816 541 1887 569 778.

1219 582 1283 610 Etsi
1306 583 1386 619 pium
1407 587 1459 611 est.
1492 583 1529 619 V,
1554 584 1624 612 769.

1220 623 1353 653 Gratiam
1373 625 1424 652 tibi
1448 630 1476 653 et
1499 626 1590 653 habeo
1612 630 1638 653 et
1668 626 1768 653 debeo.
1804 625 1855 659 VI,
1881 626 1950 655 728.

1219 667 1260 695 Hi
1282 668 1491 703 adolescentes,
1515 668 1618 705 quibus
1641 668 1725 696 hanc.
1763 667 1801 702 ΙΙ,
1822 669 1892 698 779.

1220 710 1277 738 Hic
1299 711 1439 738 honestus
1462 720 1562 738 senex.
1592 711 1628 745 V,
1653 712 1722 739 778.

1219 752 1278 780 Hie
1300 753 1467 781 tabellarius
1490 754 1682 790 Augustinus.
1711 752 1767 787 III,
1793 754 1861 782 763.

1219 795 1327 824 Iterum
1347 796 1418 823 mihi
1440 804 1524 834 opus,
1554 796 1592 830 V,
1615 796 1686 825 707.

1218 838 1333 867 Laudat
1354 839 1553 867 Theodosium
1577 838 1795 874 Imperatorem.
1820 838 1872 873 VI,
1893 838 1963 868 720.

1219 880 1335 917 Libros,
1357 882 1393 909 de
1417 881 1530 918 quibus.
1565 882 1602 915 V,
1628 880 1698 909 325.

1219 924 1397 962 Magnopere
1420 928 1448 951 te
1471 934 1532 952 oro.
1568 924 1605 958 V,
1631 923 1701 952 223.

1218 967 1387 995 Meminisse
1410 972 1447 1001 te,
1471 967 1585 1004 opinor.
1620 965 1673 997 IV,
1698 965 1768 994 710.

1218 1009 1323 1038 Merito
1342 1010 1405 1044 tibi,
1427 1010 1505 1038 char.
1526 1010 1575 1044 Μ.,
1598 1009 1717 1046 gratias.
1751 1007 1787 1043 V,
1813 1008 1883 1038 521.

1218 1053 1309 1081 Mittit
1331 1053 1367 1080 ad
1389 1052 1436 1079 Ill.
1461 1052 1636 1088 Principem.
1669 1050 1721 1085 VI,
1745 1051 1794 1080 81.

1218 1096 1303 1123 Mitto
1327 1096 1364 1123 ad
1387 1100 1415 1123 te
1437 1096 1504 1122 duo.
1535 1094 1587 1129 VI,
1608 1095 1678 1122 776.

1219 1137 1343 1175 Opinor,
1366 1138 1419 1166 tibi
1442 1142 1542 1165 notum
1568 1146 1640 1165 esse.
1674 1135 1730 1169 ΙΙΙ,
1756 1137 1827 1166 770,

1219 1179 1312 1217 Saepe
1336 1181 1381 1208 his
1404 1180 1505 1207 diebus
1527 1180 1662 1216 cogitati.
1696 1178 1765 1213 VII,
1792 1181 1838 1207 11.

1220 1221 1314 1260 Saepe
1337 1223 1408 1250 mihi
1431 1228 1560 1250 amanter
1582 1222 1763 1259 gratificaris.
1796 1221 1832 1255 V,
1858 1222 1928 1251 700.

1220 1263 1283 1292 Scis
1306 1265 1477 1302 Magistrum
1501 1264 1635 1292 Paulum.
1670 1264 1706 1298 V,
1731 1264 1802 1293 840.

1221 1306 1343 1344 Scripsit
1365 1308 1421 1335 huc
1444 1307 1490 1335 111.
1511 1307 1561 1336 Pr.
1596 1307 1648 1340 IV,
1675 1307 1745 1334 791.

1221 1350 1316 1378 Valde
1334 1356 1362 1378 te
1382 1360 1442 1385 oro,
1466 1355 1497 1378 ut
1515 1349 1615 1377 literas
1633 1354 1757 1376 nostras.
1787 1348 1838 1383 VI,
1859 1348 1930 1378 924.

1223 1393 1360 1422 Vetustas
1383 1399 1460 1421 recte
1483 1393 1526 1421 sic
1549 1392 1648 1420 sensit.
1685 1391 1737 1425 VI,
1762 1392 1832 1420 775.

1224 1436 1327 1473 Τέττιξ
1349 1438 1402 1473 μὲν
1424 1439 1538 1473 τέττιγι.
1569 1434 1626 1469 ΠΙ,
1651 1434 1720 1463 763.

1178 1478 1403 1516 Crucigero‚
1427 1477 1603 1515 casparo:

1222 1523 1357 1551 Accessit
1380 1522 1450 1549 mihi
1473 1521 1509 1549 ad
1532 1525 1671 1549 caeteras.
1706 1519 1744 1554 V,
1771 1520 1840 1547 139.

1221 1563 1294 1593 Cum
1317 1566 1347 1592 in
1371 1564 1473 1592 schola
1493 1564 1565 1592 sine.
1596 1562 1648 1597 VI,
1674 1562 1743 1590 284.

1221 1608 1295 1637 Cum
1318 1612 1357 1642 te,
1380 1607 1420 1635 mi
1440 1606 1485 1642 C..
1508 1605 1735 1634 familiarissime
1758 1613 1821 1632 sum
1845 1613 1923 1633 usus.
1957 1604 1982 1640 Ι,
2007 1606 2076 1635 744.

1221 1651 1318 1679 Deum
1342 1667 1382 1671 —-
1406 1659 1458 1678 oro
1481 1653 1541 1677 toto
1564 1653 1691 1686 pectore,
1715 1651 1747 1675 ut
1768 1647 1875 1677 sedem.
1907 1646 1961 1682 VI,
1982 1647 2051 1677 296,

1222 1694 1260 1721 Et
1283 1693 1373 1721 dilexi
1394 1692 1483 1720 filiam
1506 1690 1621 1730 στοργῇ.
1655 1690 1707 1724 VI,
1727 1691 1798 1719 457.

1222 1737 1261 1764 Et
1284 1736 1384 1764 dolore
1408 1740 1437 1763 et
1457 1735 1501 1762 ira
1523 1743 1606 1771 pene.
1639 1732 1689 1767 VI,
1715 1733 1786 1762 339.

1220 1778 1285 1807 Etsi
1309 1779 1453 1815 sapienter
1474 1777 1568 1813 inquit
1592 1776 1635 1804 vir
1657 1775 1841 1803 fortissimus.
1876 1774 1929 1810 VI,
1953 1775 2023 1805 502.

1221 1822 1308 1850 Hanc
1331 1820 1483 1858 epistolam
1507 1819 1593 1847 hodie
1616 1828 1690 1846 cum.
1723 1817 1777 1853 VI,
1799 1818 1869 1847 391.

1223 1864 1259 1892 In
1281 1865 1326 1892 his
1348 1864 1424 1900 iugis
1447 1862 1603 1890 Herciniis.
1638 1861 1675 1896 V,
1699 1861 1770 1889 861.

1225 1907 1260 1935 In
1283 1906 1433 1943 tragoedia
1452 1904 1592 1943 Aeschyli
1615 1912 1724 1932 servus.
1757 1903 1812 1938 VI,
1834 1904 1904 1933 415.

1220 1949 1388 1983 Meministi,
1408 1958 1493 1985 quam
1516 1947 1704 1975 familiariter.
1739 1945 1793 1981 IV,
1817 1946 1887 1975 564.

1223 1992 1381 2021 Meministi
1403 1990 1641 2027 Thucydidaeam
1660 1989 1897 2027 descriptionem.
1931 1988 1985 2024 VI,
2009 1989 2080 2018 394.

1223 2036 1320 2063 Meum
1345 2044 1491 2062 cursorem
1513 2039 1609 2060 antea.
1640 2032 1692 2067 VI,
1716 2032 1787 2061 852.

1225 2079 1320 2114 Mitto,
1343 2077 1507 2113 exemplum
1527 2076 1684 2104 literarum.
1718 2074 1756 2110 V,
1778 2075 1846 2103 114.

1223 2120 1306 2149 Nihil
1326 2129 1399 2158 opus
1424 2125 1467 2147 cst
1490 2128 1638 2156 quaerere.
1672 2117 1726 2153 VI,
1750 2118 1821 2145 548.

1223 2163 1293 2192 Non
1312 2164 1418 2201 opinor
1441 2171 1493 2190 vos
1513 2165 1563 2190 aut
1585 2161 1711 2198 longius.
1744 2160 1798 2195 VI,
1823 2160 1895 2189 838.

1223 2206 1292 2234 Non
1314 2214 1426 2244 posses,
1447 2205 1546 2232 eariss.
1571 2203 1669 2241 Casp.,
1688 2204 1802 2232 harum.
1835 2202 1872 2238 V,
1894 2202 1963 2231 105.

1223 2249 1293 2277 Non
1315 2249 1410 2286 potuit
1432 2247 1628 2276 Hermannus.
1658 2246 1682 2281 Ι,
1707 2246 1776 2276 870.

1224 2292 1294 2320 Non
1313 2292 1338 2320 si
1360 2295 1470 2319 tantum
1494 2289 1717 2327 lachrymarum.
1751 2288 1807 2323 VI,
1833 2287 1903 2317 532.

1224 2335 1293 2363 Non
1317 2343 1382 2363 sum
1405 2333 1486 2361 rudis
1509 2333 1642 2361 monitor.
1677 2331 1733 2367 III,
1759 2331 1828 2360 178.

1224 2377 1296 2406 Post
1317 2377 1425 2405 abitum
1448 2381 1529 2404 tuum
1552 2376 1717 2413 accepimus
1740 2374 1776 2402 ab
1799 2373 1897 2403 Helio.
1931 2373 1957 2410 I,
1980 2373 2052 2403 583.

1224 2419 1373 2457 Quicquid
1396 2419 1458 2453 erit,
1481 2419 1647 2456 superanda
1670 2417 1773 2446 omnis.
1808 2416 1862 2452 VI,
1882 2416 1952 2446 442.

1223 2462 1334 2500 Scripsi
1353 2462 1435 2490 vobis
1457 2467 1552 2489 antea.
1587 2461 1625 2496 V,
1652 2461 1720 2490 113.

1223 2506 1320 2534 Tanto
1345 2505 1458 2533 afficior
1478 2504 1589 2532 dolore.
1619 2503 1672 2538 VI,
1697 2504 1767 2533 335.

1224 2548 1355 2583 Utinam,
1378 2552 1410 2575 ut
1427 2547 1496 2575 anui
1514 2547 1606 2576 initio.
1642 2546 1694 2580 VI,
1720 2546 1789 2575 336.
