2299 2921
177 104 242 137 247

216 199 296 229 Vere
316 200 374 229 hoc
391 199 505 229 affirmo
524 199 602 231 ἄνευ.
623 201 708 238 VIII,
733 203 803 233 174.

215 243 311 272 Vetus
331 243 404 272 mihi
428 253 492 272 cum
516 245 649 273 Arnoldo
672 246 811 274 Burenio.
833 245 916 282 VIII,
942 245 1012 276 152.

173 294 364 330 Bornero,
387 293 513 334 Casp.:

216 337 303 374 Quod
325 342 406 366 tanta
428 338 486 366 fide
510 343 547 366 et.
574 337 629 371 III,
650 339 720 368 595.

173 389 533 426 Brandenburgensi
556 387 722 417 Senatui·

216 432 258 461 ΦΒ
283 432 329 468 bat
357 433 403 461 bet
423 431 649 468 Durmleucbtigst
672 432 870 469 eoegebotne
900 431 953 469 VI,
973 433 1023 462 71.

215 474 451 552 (ἒωὰᾶτθῡᾉέαηὶ
475 475 511 508 ἰώ
532 481 583 504 nou
603 484 692 513 megen
717 475 764 505 bet
788 475 966 512 {teunbtidyen
988 476 1152 516 OErgeigung.

171 569 365 597 Bremensi
388 568 558 596 Senatui.

212 611 362 648 Principio
384 614 463 647 peto,
481 615 521 639 ut.
545 610 582 646 V,
609 611 677 640 166.

168 662 342 696 Brentio,
361 661 508 690 Ioanni:

211 704 403 733 Adolescenti
423 703 598 733 Balthasaro
622 703 807 743 Giiltingero.
832 705 889 742 IX,
916 708 983 736 144.

211 747 301 785 Apud
324 746 363 776 D.
388 746 577 776 Ioachimum.
603 747 640 783 V,
668 749 736 778 188.

211 789 296 818 Bono
318 790 415 818 studio
437 794 466 818 et
487 790 620 819 consilio.
653 790 691 826 V,
711 792 783 820 339.

211 831 339 861 Causam
362 833 448 861 huius
471 833 615 862 tabellarii
639 843 684 863 eX.
709 833 763 869 fv,
787 835 859 864 513.

210 874 346 904 Christus
364 875 517 904 benedicat
540 876 597 905 tuis
620 877 738 914 nuptiis.
763 876 804 912 II,
826 878 897 906 484.

210 917 372 947 Collectam
395 918 485 946 exilio
507 919 623 956 pubem,
646 920 821 950 miserabile.
845 919 898 956 VI,
922 920 993 950 860.

211 959 286 989 Cum
305 959 468 989 Salmacius
491 962 521 989 in
544 962 679 999 patriam.
704 962 744 998 H,
765 963 836 992 699.

210 1003 258 1032 De
281 1004 390 1032 meritis
414 1002 524 1033 Christi
547 1004 642 1042 longe.
671 1005 711 1040 H,
736 1006 808 1036 347.

210 1046 447 1075 Deliberationes
467 1047 596 1075 omnium
621 1048 715 1078 etiam.
740 1047 796 1083 III,
819 1049 891 1078 977.

208 1088 307 1118 Deum
330 1099 455 1124 oremus,
479 1091 517 1118 mi
541 1091 586 1125 B..
606 1095 639 1118 ut
659 1091 810 1128 gubernet.
842 1091 898 1128 111,
921 1092 991 1123 924.

208 1131 330 1160 Diutius
349 1133 488 1170 opinione
510 1142 576 1161 mea
593 1134 685 1163 haesi.
721 1133 777 1169 ΙΠ,
803 1135 871 1165 169.

206 1174 272 1203 Etsi
290 1175 376 1203 facile
398 1176 520 1212 ignosco
539 1176 600 1206 tibi.
636 1176 676 1212 Π,
700 1178 773 1207 494.

208 1218 274 1246 Etsi
293 1227 352 1246 non
372 1218 482 1253 dubito,
507 1219 575 1256 quin
599 1228 676 1257 mag.
711 1219 767 1255 ΠΙ,
790 1219 861 1250 426.

208 1261 274 1289 Etsi
292 1270 351 1288 non
374 1261 517 1290 habebam
539 1261 604 1290 hoc.
634 1262 674 1297 H,
699 1263 770 1292 516.

210 1303 276 1331 Etsi
299 1303 465 1340 ubicunque
488 1313 597 1334 sumuS.
632 1304 719 1339 VIII,
740 1306 811 1334 588.

207 1346 255 1374 Ex
274 1346 366 1374 literis
390 1347 568 1374 Academiae
591 1347 735 1385 Lipsicae.
771 1347 825 1382 VI,
850 1349 921 1376 910.

207 1389 265 1417 Hic
287 1389 456 1417 tabellarius
479 1390 621 1426 Magister
644 1391 795 1419 Martinus.
816 1390 871 1426 ΙΠ,
895 1392 965 1420 787.

208 1431 371 1460 Historiam
394 1431 563 1460 Conventus
586 1433 719 1463 arbitror.
744 1433 800 1468 HJ,
825 1435 896 1463 646.

209 1474 244 1502 In
268 1473 388 1503 Serveto
410 1475 517 1503 multae
536 1481 632 1505 notae.
668 1475 708 1511 H,
734 1477 805 1506 660.

209 1518 294 1545 Mitto
319 1518 371 1545 tibi
394 1517 548 1546 formulam
568 1520 730 1547 sententiae
753 1519 868 1550 Buceri.
894 1519 934 1555 II,
958 1520 1030 1549 843.

207 1559 325 1588 Natalis
349 1561 424 1588 redit
447 1570 562 1590 annuus
583 1561 716 1591 Lutheri.
747 1562 802 1598 IX,
827 1563 899 1592 364.

208 1603 275 1632 Nec
298 1612 367 1631 vero
390 1604 491 1632 deesse
510 1604 595 1632 nobis
618 1610 798 1641 argumenta.
819 1605 874 1641 III,
899 1606 969 1635 586.

208 1646 278 1675 Non
302 1647 385 1684 potui
404 1647 500 1675 facere
524 1647 602 1684 quin.
629 1647 668 1682 II,
693 1649 764 1677 590.

207 1688 279 1717 Non
303 1689 469 1726 relinquam
493 1699 543 1718 vos
568 1691 725 1728 orphanos.
751 1691 803 1726 IV,
828 1692 898 1721 475.

208 1731 312 1768 Nuper
335 1733 472 1770 Micyllus
495 1734 531 1761 ad
555 1743 610 1763 mc.
642 1734 696 1768 IV,
716 1734 786 1763 809.

209 1774 385 1811 Quanquam
408 1776 465 1803 iam
489 1777 688 1813 expectabam.
713 1777 753 1811 II,
774 1778 844 1806 504.

208 1817 295 1853 Quod
318 1818 403 1847 faust.
429 1818 549 1855 foelixq.
575 1819 622 1853 sit,
642 1819 745 1847 Frater
767 1820 804 1848 ad
823 1824 860 1850 te.
886 1819 925 1857 II,
947 1819 1016 1849 823.

208 1859 277 1889 Seio
301 1865 328 1888 te
351 1870 458 1898 magno
481 1862 511 1889 in
536 1861 645 1890 dolore.
681 1862 766 1897 VIII,
796 1863 866 1892 540.

208 1902 300 1941 Spero
322 1912 376 1931 nos
399 1904 478 1932 brevi
501 1913 568 1932 una.
594 1904 650 1939 III,
675 1905 746 1933 201.

209 1945 300 1983 Spero
323 1950 351 1974 te
373 1947 431 1974 iam
449 1947 570 1976 venisse.
595 1946 652 1981 ΙΙΙ,
678 1948 749 1976 340.

212 1988 316 2018 Subito
339 1989 414 2017 hanc
435 1990 587 2026 epistolam
612 1990 725 2026 scripsi.
750 1990 788 2024 V,
814 1989 883 2018 254.

209 2032 304 2060 Tuam
329 2032 481 2069 epistolam
504 2032 727 2069 longiusculam.
751 2032 792 2067 II,
817 2033 888 2062 501.

211 2074 332 2105 Utinam
354 2084 507 2111 possemus
528 2076 715 2104 Academiae.
738 2075 794 2110 III,
819 2076 889 2105 390.

212 2118 295 2146 Vidit
316 2118 440 2146 nuncius
462 2129 508 2146 me
531 2119 644 2147 dextra.
670 2118 723 2152 IV,
750 2120 820 2146 147.

170 2169 488 2198 Bretschneidcro
513 2169 770 2206 (Placotomo),
790 2170 931 2198 Ioanni:

213 2212 338 2240 Accedit
361 2212 431 2240 mihi
454 2213 490 2239 ad
514 2219 629 2240 caetera
652 2214 844 2242 incommoda.
869 2214 940 2249 VII,
959 2214 1029 2243 905.

213 2255 279 2291 Ego
300 2264 369 2282 vero
391 2264 505 2292 semper
527 2256 563 2283 de
586 2256 704 2293 ingenii.
728 2256 797 2290 VII,
821 2257 893 2284 847.

214 2297 302 2325 Hanc
325 2298 410 2335 epist.
437 2307 501 2326 cum
531 2299 687 2327 scriberem
714 2299 761 2326 die
783 2300 810 2328 5.
835 2299 912 2329 Iulii.
937 2299 1023 2334 VHI,
1048 2298 1117 2328 120.

215 2339 302 2368 Hanc
326 2341 477 2377 epistolam
502 2342 569 2370 dedi
591 2338 659 2369 huic
687 2343 748 2370 viro
772 2342 904 2372 honesto.
929 2342 1014 2377 VIII,
1039 2342 1109 2371 263.

216 2383 313 2411 Hodie
337 2384 476 2420 Magister
500 2384 622 2412 Iacobus
645 2395 767 2414 mecum.
793 2384 878 2420 VIII,
902 2386 951 2414 73.

217 2425 310 2454 Multa
331 2432 398 2454 sunt
419 2427 450 2454 in
471 2425 592 2464 Stigelii.
617 2427 702 2462 VIII,
722 2428 792 2457 214.

218 2469 311 2496 Multa
338 2470 462 2497 vidimus
490 2470 546 2497 hoc
575 2471 737 2507 septennio
770 2470 855 2506 VIII,
880 2471 950 2499 131.

219 2511 355 2539 Profecto
378 2513 449 2539 mihi
467 2522 526 2540 non
550 2514 636 2541 deest.
661 2513 731 2548 VII,
755 2513 826 2542 726.

220 2553 305 2588 Quod
327 2555 364 2582 ad
382 2560 409 2582 te
431 2559 473 2582 tot
496 2556 562 2584 iam.
582 2556 652 2591 VH,
677 2557 748 2585 805.

826 106 1013 142 PHILIPPI
1034 104 1354 138 MELANTHONIS
1378 104 1540 138 OPERA.

1174 941 1181 1533 ———.———-——-—.—

1249 199 1317 230 Scio
1339 205 1368 230 te
1389 201 1420 230 in
1443 202 1685 232 consideratione.
1708 203 1778 241 vn,
1801 204 1873 234 652.

1247 244 1344 272 Vocat
1365 248 1394 272 te
1415 245 1446 272 in
1469 246 1668 277 Academiam.
1692 247 1731 283 V,
1750 249 1823 278 331.

1203 284 1442 323 Brismanno,
1465 287 1614 316 Ioanni:

1247 329 1391 366 Equidem
1414 334 1483 367 opto
1506 335 1537 359 ut
1560 337 1666 370 augeat
1686 337 1716 360 te
1739 333 1955 371 confirmetque.
1992 334 2014 370 I,
2039 334 2111 364 604.

1247 372 1392 401 Martinus
1411 371 1553 402 Cellarius
1571 373 1795 413 Stargardianus
1811 377 1889 429 apud
1902 386 1956 406 nos
1975 381 2027 407 est.
2068 377 2093 413 1,
2112 377 2183 408 755.

1204 414 1402 451 Brodensi,
1423 415 1657 446 Wenceslao:

1248 455 1351 487 Subito
1372 459 1498 488 scribere
1519 469 1565 487 me
1588 461 1749 498 oportebat.
1772 460 1859 497 VIII,
1886 462 1955 492 118.

1203 498 1370 537 Bromio,
1393 501 1568 530 Nicolau-

1248 543 1358 572 Precor
1386 545 1471 572 deum
1495 550 1644 574 aeternum
1666 562 1717 575 —-—.
1739 544 1872 584 Cumque
1893 546 1967 585 ipsc.
1990 546 2048 584 ΠΙ,
2074 548 2165 577 1156.

1203 584 1340 622 Briick,
1363 585 1601 616 Christiano.

1246 628 1305 657 Hic
1327 629 1506 665 adolescens,
1531 631 1577 659 cui
1599 631 1674 659 hanc
1696 631 1734 660 ad
1756 641 1817 662 vos,
1839 631 1880 667 X,
1904 632 1933 662 5.

1203 670 1344 707 Briick,
1368 652 1522 709 Gregoiu
1552 674 1768 711 (Pontano):

1246 715 1296 742 Ad
1318 724 1366 742 me
1388 715 1505 752 scripsit
1528 717 1674 753 magister.
1697 717 1735 750 V,
1760 717 1832 745 233.

1247 756 1343 785 Doleo
1362 757 1500 786 incidisse
1518 763 1636 788 tantam.
1660 759 1718 794 III,
1741 760 1812 788 553.

1246 799 1311 828 Etsi
1329 800 1403 827 nihil
1425 801 1493 829 novi
1516 806 1568 830 est.
1593 801 1647 836 VI,
1671 801 1744 830 257.

1249 841 1382 871 Gratiam
1406 843 1489 872 vobis
1511 849 1691 881 perpetuam.
1716 844 1769 879 VI,
1794 844 1864 873 285.

1246 885 1389 914 Maximas
1411 886 1520 922 gratias
1538 887 1651 923 agimus
1673 886 1719 916 Ill.
1743 887 1792 915 Pr.
1814 885 1840 921 I,
1864 887 1934 916 978.

1247 926 1354 956 Omnia
1376 927 1434 956 Dci
1458 938 1550 966 opera
1570 929 1710 957 miranda.
1734 929 1790 966 VI,
1814 930 1884 960 334.

1247 969 1325 1008 Opto
1348 976 1380 998 ut
1403 972 1579 1009 coniugium.
1605 973 1642 1007 V,
1668 973 1739 1002 275.

1203 1011 1437 1049 Briicknero,
1460 1013 1638 1042 Nicolao:

1246 1057 1367 1085 Memini
1396 1066 1451 1085 nos
1471 1067 1528 1084 una
1551 1057 1651 1086 fuisse.
1675 1057 1712 1093 V,
1738 1058 1807 1087 115.

1203 1099 1412 1135 Brunnero,
1437 1099 1600 1129 Valent.:

1247 1142 1343 1170 Deum
1367 1159 1407 1163 —
1432 1152 1484 1170 oro
1508 1147 1539 1170 ut
1558 1143 1690 1171 idoneos.
1716 1142 1769 1177 VI,
1793 1142 1864 1172 772.

1203 1184 1475 1213 Brunsvicensi
1496 1182 1666 1213 Senatui:

1249 1229 1282 1257 (E.
1306 1227 1354 1257 Q.
1373 1229 1435 1265 fsxge
1462 1229 1498 1261 id)
1523 1237 1554 1265 gu
1573 1228 1673 1264 mitten.
1699 1228 1750 1263 bati
1773 1229 1819 1258 bet
1841 1227 2020 1267 ebtmsttbige.
2050 1228 2088 1263 V,
2112 1229 2184 1258 413.

1204 1269 1364 1304 Bucero,
1384 1270 1558 1298 Martino:

1247 1313 1359 1350 Accepi
1378 1317 1443 1340 tuas
1466 1312 1565 1340 literas
1587 1312 1623 1340 de
1644 1312 1827 1340 Britannica.
1853 1312 1894 1346 Π,
1920 1313 1991 1342 552.

1247 1355 1402 1384 Assentior
1424 1355 1485 1390 tibi,
1510 1356 1550 1383 mi
1571 1354 1617 1390 B.,
1640 1355 1862 1392 desperandum.
1883 1355 1924 1391 II,
1948 1356 2018 1384 775.

1246 1398 1385 1427 Brentius
1409 1399 1545 1435 exposuit
1566 1398 1646 1428 mihi.
1678 1397 1717 1432 ΙΙ,
1742 1398 1813 1428 221.

1247 1440 1381 1470 Christus
1403 1442 1544 1478 gubernet
1566 1441 1759 1470 ministerium
1781 1446 1870 1469 tuum.
1893 1440 1935 1476 H,
1958 1441 2029 1470 873.

1246 1483 1406 1522 Dialogum
1424 1489 1504 1512 tuum
1527 1484 1626 1521 accepi
1648 1484 1784 1521 primum.
1806 1483 1847 1519 Π,
1869 1484 1940 1513 675.

1245 1526 1377 1555 Exhibui
1395 1527 1502 1555 nostris
1520 1526 1672 1555 formulam
1692 1526 1913 1564 (Concordiae).
1943 1525 1984 1562 Π,
2004 1526 2074 1555 841.

1245 1569 1393 1599 Henricus
1412 1569 1513 1607 Copus
1530 1570 1685 1598 rediturus
1720 1569 1761 1604 II,
1780 1570 1853 1598 498.

1245 1613 1344 1641 Hodie
1367 1623 1432 1641 cum
1454 1612 1585 1641 Luthero
1606 1612 1776 1641 collocutus.
1800 1611 1841 1646 Π,
1861 1612 1933 1641 837.

1245 1656 1362 1693 Ingenti
1385 1655 1485 1684 dolore
1507 1655 1634 1683 adficior.
1664 1654 1733 1689 VII,
1758 1654 1829 1683 842.

1246 1699 1366 1727 Memini
1384 1707 1430 1726 me
1452 1699 1481 1726 in
1504 1701 1648 1726 conventu
1666 1696 1808 1734 Spirensi.
1833 1696 1874 1732 Π,
1894 1698 1965 1726 710.

1244 1741 1384 1770 Nondum
1402 1741 1432 1768 in
1456 1741 1598 1769 Ecclesiis
1616 1740 1718 1768 harum
1740 1741 1900 1777 regionum.
1923 1739 1992 1775 VII,
2017 1740 2088 1769 330.

1245 1785 1318 1812 Post
1341 1788 1472 1812 nostrum
1494 1783 1627 1812 reditum.
1652 1782 1709 1817 ΙΙΙ,
1729 1783 1802 1811 356.

1246 1826 1421 1864 Quanquam
1445 1826 1490 1855 his
1514 1826 1616 1854 diebus
1639 1825 1721 1854 febri.
1746 1824 1787 1860 Π,
1813 1826 1884 1854 470.

1246 1869 1332 1905 Quod
1355 1874 1383 1897 te
1404 1869 1528 1897 salutavi
1549 1869 1579 1896 in
1598 1869 1699 1897 literis.
1724 1867 1765 1902 II,
1789 1868 1860 1897 641.

1246 1912 1319 1940 Rem
1338 1912 1467 1939 omnium
1485 1911 1580 1948 longe.
1603 1911 1641 1946 V,
1665 1911 1738 1939 360.

1246 1954 1356 1992 Scripsi
1379 1955 1416 1981 ad
1440 1960 1467 1982 te
1490 1964 1541 1991 per
1560 1953 1683 1991 Copum.
1718 1952 1760 1988 Π,
1780 1953 1851 1982 498.

1246 1996 1357 2035 Scripsi
1380 1997 1451 2025 alias
1474 1997 1607 2026 Iohanni.
1632 1997 1669 2031 V,
1693 1997 1765 2024 474.

1247 2040 1359 2068 Ternas
1378 2050 1395 2068 a
1417 2045 1445 2067 te
1463 2040 1572 2069 liteias.
1592 2040 1629 2077 V,
1650 2039 1721 2068 218.

1246 2083 1301 2110 Vir
1324 2083 1440 2119 optime,
1463 2081 1597 2110 Christus
1619 2082 1768 2119 provehat.
1792 2081 1833 2116 X,
1858 2081 1927 2109 149.

1240 2119 1277 2153 ςΩ
1300 2124 1435 2162 αἰδέσιμε
1458 2126 1508 2154 καὶ
1531 2126 1662 2164 φίλτατε.
1696 2124 1766 2159 VH,
1789 2125 1858 2153 157.

1175 2168 1489 2210 ,ΒυρὶιὴοΙΖει-ο,
1513 2168 1743 2196 Abrahamo:

1248 2210 1315 2240 Scio
1339 2216 1367 2239 te
1388 2211 1564 2239 meminisse.
1590 2210 1675 2245 VIII,
1695 2211 1766 2239 907.

1204 2254 1483 2289 Buchholzero,
1514 2252 1662 2290 Georg.:

1248 2298 1296 2325 Ad
1319 2298 1470 2326 honestam
1490 2301 1518 2324 et
1543 2297 1631 2334 piam.
1656 2295 1710 2329 VI,
1735 2295 1805 2324 899.

1248 2340 1431 2368 Adolescens
1455 2340 1504 2376 qui
1526 2340 1626 2367 literas
1649 2343 1768 2365 vestras.
1792 2337 1846 2372 VI,
1873 2336 1942 2366 128.

1247 2383 1384 2411 Brentius
1407 2383 1515 2417 scribit,
1539 2382 1656 2411 dixisse.
1686 2380 1740 2415 VI,
1763 2381 1834 2409 403.

1249 2425 1336 2454 Certe
1358 2430 1471 2462 oportet
1493 2426 1521 2452 in
1546 2424 1687 2452 Ecclesia.
1712 2423 1782 2458 VII,
1808 2423 1897 2451 1095.

1249 2467 1448 2496 Certissimum
1468 2472 1520 2502 est,
1538 2477 1555 2495 a
1574 2467 1648 2501 Deo,
1667 2467 1717 2503 qui
1734 2466 1873 2495 miranda.
1897 2464 1954 2501 IX,
1978 2465 2049 2494 897.

1249 2511 1322 2540 Cum
1345 2510 1416 2538 Dux
1434 2510 1579 2539 Prussiae.
1605 2509 1674 2543 ΥΠ,
1698 2510 1768 2538 857.

1251 2553 1325 2582 Cum
1348 2554 1462 2581 ederem
1484 2553 1598 2582 latinae.
1623 2551 1692 2588 VII,
1717 2552 1787 2581 795.
