2299 2921
158 90 224 123 299
826 84 1014 118 PHILIPPI
1033 81 1354 117 MELANTHONIS
1377 82 1537 115 OPERA.
2104 87 2169 119 300

202 186 351 216 Usitatum
375 190 427 220 est,
451 185 607 213 causidicis
631 184 672 213 N.
695 184 735 219 X,
763 184 811 212 17.

203 230 245 259 Ut
266 231 296 257 in
318 229 437 257 Iudaea.
462 227 529 262 VII,
555 228 645 255 1010.

161 273 313 307 Maiori,
335 271 470 300 Ioanni
493 270 663 307 (Ileano):

204 314 324 353 Semper
346 314 440 343 adfuit
461 313 538 342 filius
560 313 627 342 Dei.
652 311 721 347 ΥΠ,
746 312 795 340 73.

161 359 318 393 Malzan,
341 357 577 386 Theoderico
600 365 630 383 a:

1191 177 1412 213 Matthesio,
1434 177 1582 208 Ioanni:

1234 221 1347 258 Accepi
1369 226 1447 249 tuam
1470 222 1631 259 epistolam,
1654 224 1683 252 in
1707 233 1766 260 qua
1787 233 1898 253 narras.
1921 224 1990 259 vn.
2015 225 2085 254 343.

1235 263 1314 291 Ante
1337 263 1457 291 biduum
1480 265 1568 302 scripi
1587 267 1623 294 ad
1646 272 1683 294 te.
1707 266 1776 302 VII,
1801 268 1872 297 807.

1235 306 1314 333 Ante
1337 307 1491 343 sexaginta
1513 316 1612 336 annos.
1640 309 1695 344 IX,
1724 310 1792 339 189.

1235 347 1411 377 Canonistae
1433 349 1463 376 in
1485 351 1711 387 quaestionibus.
1735 352 1804 387 ΥΠ,
1828 353 1900 382 487.

203 401 273 430 Non
292 400 438 429 excusabo
461 408 515 427 me.
538 398 607 433 ΥΠ,
631 397 703 426 462.
971 419 976 424 ,
1235 390 1347 427 Caspar
1370 391 1512 429 Cruciger
1535 398 1563 421 et
1584 393 1703 423 Paulus.
1727 394 1780 430 VI,
1803 396 1873 426 304.

162 444 356 478 Mantelio,
378 443 439 471 Io.:
1235 431 1376 461 Civitates
1399 435 1436 462 ad
1459 434 1603 464 Rhenum.
1628 438 1680 472 VI,
1705 438 1776 467 956.

205 488 251 515 De
275 485 468 515 Sacramentis
491 489 548 512 tam
572 482 728 520 Baptismi.
752 481 791 516 ΙΙ,
818 483 865 510 14.
1235 476 1310 505 Cum
1329 485 1419 513 gener
1442 487 1534 511 meus,
1559 480 1618 516 qui.
1640 479 1696 515 IX,
1720 481 1791 510 841,

162 531 238 558 Mar
251 529 398 563 bachio,
418 527 564 555 Ioanni:
1235 517 1310 546 Cum
1328 519 1376 547 hic
1398 524 1506 549 noster.
1530 521 1583 557 VI,
1608 523 1680 553 461.

204 572 315 610 Accepi
337 577 415 599 tuam
439 570 500 618 epis
487 570 591 598 stolam
614 569 644 596 in
665 578 732 605 qua.
756 567 812 602 IX,
837 567 907 595 811.
1236 561 1311 590 Cum
1334 562 1390 590 hoc
1413 561 1567 600 Gregorio.
1592 565 1660 602 VH,
1686 567 1756 595 754,

207 615 283 644 Cum
303 616 362 643 iam
384 615 439 642 iter
460 612 629 649 ingressuri.
654 610 738 646 VIII,
763 612 813 640 44

205 659 270 687 Etsi
293 657 448 686 multorum
471 656 612 683 infirmae.
636 653 706 689 ΥΠ,
733 654 823 682 1163.

204 701 271 730 Etsi
291 706 422 738 optarem
440 697 676 727 Francofurdiae.
700 696 757 731 IX,
782 696 853 724 565.

206 744 312 772 Fatum
334 743 390 771 hoc
413 747 455 771 est
479 746 635 769 extremae
659 739 744 774 VIII,
770 739 840 768 297.

205 787 280 815 Heri
303 786 417 824 publice
440 784 547 813 nostris
570 783 670 811 lectae.
693 781 750 816 ΙΧ,
776 782 847 810 374.

206 830 286 857 Inter
308 829 479 866 praecipuos
502 827 579 854 viros
602 825 773 854 nobilitatis.
800 822 855 859 IX,
881 823 952 852 748.

205 872 346 910 Legimus
370 874 546 899 convocatos
566 878 637 898 esse.
662 867 746 903 VIII,
772 868 842 896 321.

206 915 276 944 Non
299 914 409 949 dubito,
432 917 461 941 te
484 921 609 949 quoque.
634 910 718 946 VIH,
742 911 814 939 808.

206 958 279 986 Post
300 958 354 985 iter
376 961 457 989 tuum
474 963 606 993 prorsus.
627 953 683 989 IX,
709 932 780 982 362.

207 1001 280 1029 Post
301 1001 356 1029 iter
378 1003 506 1027 vestrum
529 999 565 1026 de
587 975 715 1034 Synodo.
740 995 808 1031 ΥΠ,
832 996 902 1024 850.

1236 602 1312 632 Cum
1329 604 1524 643 Noribergam
1547 608 1806 644 proficisceremur.
1830 609 1914 645 VIII,
1938 610 2009 639 600.

1236 647 1311 676 Cum
1330 656 1443 685 semper
1465 649 1565 686 aliqua
1587 652 1634 679 sit.
1657 651 1709 686 VI,
1730 653 1802 681 813.

1235 690 1311 719 Cum
1334 691 1482 720 videamus
1503 693 1645 729 quosdam
1668 700 1789 723 veteres.
1812 694 1897 731 VHI,
1917 696 1989 725 747.

1237 731 1312 760 Cum
1334 738 1453 761 vocatus
1476 744 1493 762 a
1515 735 1711 773 Principibus.
1735 737 1819 773 VIII,
1844 740 1916 768 779.

1237 775 1285 804 De
1307 776 1384 804 bello
1406 785 1465 804 non
1487 777 1566 806 libet.
1589 779 1658 813 ΥΙΙ,
1685 780 1773 808 1020.

1238 819 1284 847 De
1307 818 1471 847 forensibus
1494 822 1722 857 quaestionibus.
1747 822 1785 857 V,
1810 823 1879 852 188.

1238 860 1296 889 Dei
1318 861 1457 890 beneficio
1481 868 1508 891 et
1519 863 1653 892 Ecclesia
1673 882 1725 893 —.
1750 865 1814 902 Ego
1837 875 1855 893 a
1873 866 1980 895 vicino.
2007 866 2076 903 VH,
2100 866 2171 896 482.

1238 904 1466 977 Dessblgeneficio
1494 910 1521 933 et
1549 906 1684 935 Ecclesia
1711 925 1762 936 —.
1793 909 1857 946 Ego
1886 909 1922 937 ab
1952 908 2082 948 Illyrico.
2104 908 2174 945 ΥΠ,

1239 989 1336 1018 Deum
1359 994 1509 1018 aeternum
1532 990 1650 1020 Patrem
1671 1009 1722 1021 —.
1747 992 1880 1022 Gaudeo.
1903 995 1941 1030 V,
1965 995 2014 1026 31.

208 1044 283 1072 Tam
306 1042 397 1071 multa
419 1042 545 1069 vidimus
564 1040 666 1068 tristia.
689 1038 774 1073 VIII,
802 1039 870 1068 144.
1240 1032 1396 1061 DiSCssfflUS
1418 1033 1569 1062 Ecclesiae
1588 1035 1646 1063 Dei
1669 1041 1764 1072 caput.
1788 1036 1842 1071 VI,
1868 1038 1939 1066 713.

208 1087 368 1114 Vobiscum
391 1094 442 1114 oro
464 1085 556 1112 filium
579 1100 630 1110 —.
655 1083 764 1111 Multis.
788 1080 873 1117 VIII,
899 1081 949 1109 47.
1241 1075 1452 1104 Dulcissimum
1477 1086 1592 1106 versum
1614 1078 1772 1115 Euripidis.
1797 1079 1865 1115 ΥΠ,
1892 1080 1961 1109 790.

165 1129 362 1164 Marcello,
386 1127 531 1156 Ioanni:
1242 1119 1379 1156 Equitem
1402 1123 1529 1147 vestrum
1552 1121 1734 1150 remittimus.
1759 1122 1828 1156 ΥΠ,
1851 1122 1922 1152 962,

208 1173 343 1200 Arbitror
361 1176 389 1199 te
407 1170 526 1207 legisse.
549 1168 602 1204 ΥΙ,
628 1170 676 1197 17.
1242 1161 1305 1189 Erit
1329 1162 1396 1189 w'va
1416 1163 1540 1198 epistola
1562 1163 1768 1201 wolfgangus.
1793 1164 1847 1199 VI,
1871 1165 1942 1195 948.

208 1215 256 1243 De
279 1214 474 1247 adolescente,
498 1213 547 1250 qui
569 1212 690 1240 furtum.
713 1210 782 1245 ΥΠ,
805 1209 874 1238 182.
1243 1203 1282 1232 Et
1304 1205 1362 1231 Vita
1384 1205 1461 1240 regis
1481 1205 1597 1233 Danici.
1620 1205 1678 1241 IX,
1703 1207 1774 1236 823.

209 1257 267 1286 Die
289 1257 424 1295 proxima
447 1256 570 1284 eundem
594 1253 840 1289 est.1V‚1065.
1244 1246 1308 1274 Etsi
1330 1246 1426 1274 adhuc
1448 1256 1542 1284 spem.
1566 1248 1635 1283 VII,
1658 1250 1728 1278 795.

209 1300 285 1329 Dixi
307 1299 446 1328 Boemieo
469 1297 657 1326 adolescenti.
682 1297 735 1330 IV,
760 1296 831 1324 808.
1243 1289 1308 1317 Etsi
1328 1289 1387 1317 fato
1406 1290 1542 1326 quodam.
1566 1290 1604 1324 V,
1629 1291 1680 1320 92.

210 1344 276 1372 Etsi
300 1343 436 1371 conscius
458 1350 521 1370 sum
543 1339 762 1368 imbecillitatis.
785 1337 826 1373 Π,
849 1337 939 1366 1006.

211 1385 440 1414 Francotordiae
462 1387 605 1412 venerunt
622 1383 659 1410 ad
680 1392 736 1411 nie.
759 1380 815 1416 III,
841 1381 911 1410 163.

211 1429 279 1458 Fuit
302 1429 350 1456 hie.
372 1428 449 1465 apud
472 1427 510 1455 D.
535 1426 703 1454 Doctorem.
727 1423 767 1459 ΙΙ,
772 1424 862 1494 I9.34

212 1471 407 1501 Gratissimae
426 1470 498 1498 mihi
520 1470 622 1496 literae
642 1474 718 1496 tuae.
788 1467 890 1502 ,327.

211 1515 270 1543 Hic
290 1514 460 1542 adolescens
483 1511 632 1540 Βο1ὂ111115.
656 1511 710 1546 ΙΥ,
734 1467 805 1539 8018.

213 1558 272 1586 Hic
294 1557 407 1585 iuvenis
429 1555 669 1591 Herzbergensis.
691 1533 731 1588 X,
758 1553 806 1582 18

200 1600 276 1629 ,Iam
298 1600 399 1638 accepi
421 1604 485 1627 tuas
507 1598 606 1626 literas
630 1607 647 1624 a
667 1597 811 1625 Palatino.
836 1595 876 1631 Χ,
902 1596 950 1624 19.

213 1644 248 1671 In
271 1643 347 1678 Deo,
370 1642 465 1679 inquit
486 1640 607 1669 Paulus.
628 1640 667 1675 Υ,
689 1639 760 1668 276.

213 1686 283 1716 Non
306 1686 405 1714 dubito
430 1685 498 1722 quin
521 1683 582 1712 tibi.
606 1682 647 1719 X,
671 1684 722 1712 53.

214 1730 285 1758 Non
308 1729 403 1766 potuit
426 1727 584 1765 impetrari.
609 1726 649 1761 H,
674 1727 745 1754 931.

215 1772 334 1802 Nullam
358 1771 424 1800 volo
447 1775 485 1805 te,
508 1771 547 1797 mi
571 1770 610 1798 M.
633 1748 673 1804 Π,
699 1769 770 1798 548.

214 1816 323 1844 Parum
345 1815 382 1843 de
401 1824 446 1841 me
469 1812 636 1840 liberaliter.
661 1810 701 1846 X,
730 1811 778 1841 18.

1243 1332 1308 1360 Etsi
1331 1331 1418 1360 ferrei
1441 1338 1469 1360 et
1490 1334 1582 1371 impii.
1605 1333 1658 1369 VI,
1686 1334 1754 1364 189.

1243 1375 1309 1403 Etsi
1331 1375 1393 1402 heri
1416 1375 1452 1403 ad
1469 1381 1506 1405 te.
1530 1376 1587 1411 IX,
1609 1377 1680 1406 788.

1243 1418 1308 1446 Etsi
1330 1413 1412 1445 nuna
1433 1419 1505 1446 mihi
1528 1420 1672 1456 privatim.
1697 1420 1751 1455 IV,
1776 1420 1846 1450 928.

1244 1461 1311 1489 Etsi
1333 1461 1436 1489 odiosa
1455 1466 1507 1489 est.
1530 1462 1615 1496 vm,
1637 1464 1707 1492 789.

1245 1505 1310 1532 Etsi
1332 1509 1399 1532 vota
1421 1514 1474 1542 pro
1497 1505 1640 1535 Ecclesia.
1664 1506 1733 1541 VII,
1758 1506 1829 1535 907.

1245 1548 1364 1584 Exiguo
1386 1548 1540 1576 intervallo
1563 1549 1627 1576 hae.
1652 1548 1737 1584 VIII,
1761 1548 1832 1577 223.

1245 1591 1315 1619 Fuit
1334 1591 1456 1618 eruditio
1478 1596 1506 1619 et
1527 1592 1626 1620 virtus.
1649 1592 1705 1626 IX,
1730 1591 1801 1620 972.

1245 1633 1315 1662 Fuit
1337 1634 1455 1662 omnino
1478 1634 1632 1672 flagitiosa.
1656 1634 1725 1668 VH,
1750 1635 1821 1663 599.

1247 1675 1355 1705 Graeci
1377 1677 1522 1706 Rhetores
1545 1677 1682 1706 scribunt.
1706 1676 1775 1712 ΥΠ,
1797 1677 1868 1705 855.

1248 1719 1371 1748 Gratam
1394 1720 1464 1748 mihi
1487 1720 1567 1748 facis.
1590 1720 1627 1755 V,
1651 1720 1722 1749 335.

1247 1762 1382 1791 Gratiam
1404 1763 1498 1791 habco
1518 1761 1660 1800 Casparo.
1685 1763 1722 1797 V,
1749 1762 1819 1791 160.

1247 1806 1314 1834 Hac
1337 1807 1418 1838 hora,
1441 1806 1500 1834 Dei
1525 1806 1616 1834 benef.
1641 1805 1782 1842 Casparo.
1806 1803 1892 1839 ΥΠΙ,
1916 1803 1986 1833 671.

215 1857 387 1895 Respondet
410 1856 535 1884 Islebius
558 1856 593 1882 de
616 1856 712 1882 domo.
736 1853 789 1888 VI,
815 1854 864 1882 64.

215 1901 342 1938 Rogavit
364 1909 410 1927 me
433 1899 471 1926 D.
496 1897 630 1925 Miehael.
654 1897 694 1931 Χ,
722 1897 769 1924 18.

216 1942 285 1972 Scio
308 1943 442 1970 nuntium
462 1941 539 1978 apud
563 1939 702 1973 1’05.ΥΙ,
727 1939 798 1968 320

217 1985 249 2014 Si
273 1987 332 2014 vita
353 1985 503 2014 hominum
525 1963 647 2011 tantum.
670 1982 724 2017 V,I
749 1982 820 2011 350

1246 1850 1334 1877 Hanc
1356 1849 1509 1885 epistolam
1533 1858 1598 1876 cum
1621 1849 1737 1876 nuncio.
1761 1846 1816 1882 IX,
1841 1847 1912 1876 925.

1246 1892 1311 1921 Has
1333 1897 1430 1919 tamen
1453 1893 1484 1920 in
1506 1892 1669 1919 laudandis.
1694 1889 1780 1925 ΥΙΠ,
1806 1890 1878 1920 241.

1246 1936 1345 1964 Hodie
1369 1944 1405 1963 cx
1427 1935 1581 1962 Pannonia
1603 1933 1780 1962 fasciculum.
1804 1933 1890 1968 VIII,
1911 1933 1983 1962 435.

1246 1979 1399 2017 Impendet
1422 1978 1517 2006 fatalis
1537 1977 1669 2006 mutatio.
1692 1976 1761 2010 VII,
1784 1976 1856 2005 824.

216 2029 345 2067 Πέμψοι
366 2039 427 2065 μοι.
451 2026 504 2062 VI,
527 2027 598 2055 376.

175 2072 456 2109 Margarethae,
479 2069 648 2106 Reginae
670 2068 876 2096 Navarrae:

218 2115 284 2143 Etsi
307 2115 407 2143 videor
429 2113 612 2150 impudenter
630 2112 736 2140 faeere.
766 2110 807 2145 H,
832 2110 903 2140 732.

174 2156 504 2194 Marienburgensi
527 2154 700 2184 Senatui.
1248 2152 1283 2179 In
1306 2151 1377 2179 urbe
1400 2151 1587 2187 Vangionum
1605 2149 1692 2176 venit
1718 2147 1774 2182 IX,
1800 2146 1870 2175 322.

218 2201 352 2231 atumem
373 2200 405 2229 (Ξ.
427 2200 458 2229 (ἓ.
479 2200 526 2232 auf
545 2198 707 2237 Qtngeigung
727 2200 774 2227 nee
794 2195 959 2233 gefitengen
981 2192 1066 2230 vm,
1080 2193 1151 2222 537.
1249 2195 1355 2223 Incidit
1378 2197 1458 2221 aetas
1480 2198 1588 2221 nostra.
1612 2191 1698 2225 VIII,
1722 2190 1794 2219 818.

1247 2022 1284 2050 In
1307 2022 1480 2050 adversariis
1503 2021 1710 2049 Ecclesiarum.
1734 2018 1792 2054 IX,
1815 2019 1889 2048 488.

1247 2065 1283 2093 In
1306 2063 1422 2093 Graeco
1446 2073 1540 2092 versu.
1564 2062 1618 2098 ΥΙ,
1642 2063 1713 2090 209.

1247 2108 1284 2136 In
1305 2107 1451 2145 puniendo
1475 2108 1632 2135 desertore.
1655 2104 1712 2140 IX,
1738 2104 1809 2134 786.

175 2243 363 2277 Marsilio,
389 2241 569 2279 Casparo:
1248 2237 1342 2265 Indue
1359 2237 1451 2274 patris
1473 2237 1612 2264 animum.
1634 2234 1703 2267 VH,
1729 2232 1800 2262 866.

219 2287 357 2323 Magnam
380 2286 444 2323 cepi
466 2284 652 2321 voluptatem.
676 2283 733 2318 III,
756 2282 828 2319 968.
1249 2280 1337 2317 Legit
1358 2280 1407 2307 hic
1429 2277 1530 2307 Simon
1554 2276 1748 2306 Suerinensis.
1771 2273 1828 2309 IX,
1849 2275 1919 2303 517.

176 2329 352 2363 Martino,
374 2329 566 2356 Andreae.
1249 2323 1369 2361 Lipsiae
1387 2326 1416 2350 et
1438 2323 1553 2350 chartas
1577 2321 1652 2358 etly
1655 2320 1754 2348 chnos.
1777 2316 1834 2352 IX,
1856 2317 1927 2346 724.

220 2370 294 2400 Cum
314 2372 373 2399 iam
392 2371 464 2399 alias
487 2369 635 2408 epistolas.
658 2368 744 2404 VIII,
771 2368 842 2397 177.
956 2398 960 2402 ,
1251 2366 1371 2403 Lipsiae
1389 2371 1453 2393 tuas
1476 2365 1575 2392 literas
1598 2363 1707 2400 accepi.
1728 2359 1785 2396 IX,
1809 2360 1881 2389 510.

219 2414 423 2443 Honorificam
446 2413 488 2443 tui
510 2413 694 2440 mentionem
718 2412 755 2447 Υ,
780 2410 851 2440 526.
1251 2409 1361 2446 Magna
1383 2417 1447 2436 cum
1470 2408 1620 2445 voluptate
1642 2405 1774 2443 legimus.
1799 2402 1869 2438 ΥΠ,
1889 2403 1960 2432 805.

220 2457 357 2486 Politiam
380 2463 446 2485 tuae
465 2456 590 2485 scholae.
613 2455 650 2490 V,
675 2456 746 2484 549.
1252 2451 1412 2480 Meministi
1434 2459 1488 2479 nos
1510 2451 1540 2478 in
1559 2450 1678 2485 aliquot.
1702 2448 1755 2482 VI,
1782 2447 1851 2476 ⁶294.

180 2501 357 2538 Martyri,
380 2500 507 2528 Petro:
1252 2495 1337 2523 Mitto
1357 2498 1469 2532 partem
1491 2493 1724 2530 responsionum.
1748 2489 1804 2525 IX,
1829 2490 1901 2518 804.

223 2543 297 2572 Cum
320 2543 522 2580 gravissimam
541 2540 776 2570 consolationem.
798 2540 836 2574 V,
862 2540 931 2568 145.
1252 2537 1336 2565 Mitto
1359 2537 1412 2564 tibi
1432 2536 1572 2574 pagellas,
1595 2544 1726 2572 quarum.
1750 2532 1806 2567 IX,
1830 2532 1900 2561 750.
