2299 2921
162 103 225 137 165
754 102 790 135 II.
837 101 1025 136 INDICES.
1070 103 1111 134 A.
1157 99 1296 133 INDEX
1319 98 1585 132 GENERALIS.
2109 100 2171 132 166

413 233 440 260 2.
485 232 630 269 Scriptum
660 232 690 259 in
717 236 861 260 conventu
886 231 1135 261 Schmalcaldensi
1159 231 1340 269 propositum
1364 240 1381 258 a
1403 229 1564 269 Theolqgis
1572 251 1580 264 ,
1605 230 1654 267 qui
1682 229 1722 257 ibi
1745 229 1912 264 adfuerunt,
1941 234 2043 257 contra
2106 194 2170 226 pag·

497 273 774 310 Sohwenkfeldium,
798 275 1002 304 Sebastianum
1020 275 1163 304 Francum
1187 280 1214 302 et
1238 273 1394 302 nonnullos
1416 281 1533 300 errones
1551 272 1634 307 alios,
1654 281 1752 300 mense
1773 272 1879 300 Martio
1899 281 1924 300 a.
1951 272 2040 301 1540.

456 317 600 345 Recensio
620 317 787 345 Editionum
839 340 1062 348 .....
1098 328 1125 347 f.-
1166 336 2040 346 .................
2110 314 2169 343 723

412 362 439 390 3.
484 359 530 387 De
554 360 738 388 Eucharistia
759 369 817 388 non
838 360 1076 395 administranda,
1095 361 1149 389 nisi
1173 360 1278 392 adsint,
1303 359 1406 396 quibus
1428 367 1462 386 ea
1484 358 1683 386 distribuatur.

453 403 598 431 Recensio
618 403 787 431 Editionum
840 423 2041 433 .......................
2110 398 2170 428 725

369 517 408 550 Χ.
464 515 731 549 SENTENTIAE
759 515 967 548 VETERUM
995 514 1191 555 ALIQUOT
1219 514 1296 547 SCR
1302 513 1495 547 IPTORUM
1523 513 1582 546 DE
1612 512 1761 546 COENA
1789 511 1961 546 DOMINI.

369 609 577 645 prolegomena
621 632 625 636 .
642 646 645 649 Α
674 627 2041 637 ..........................
2110 603 2170 631 725

367 650 581 680 Sententiae
607 656 768 678 veterum
791 650 939 687 aliquot
962 651 1189 687 scriptorum
1209 650 1250 677 de
1273 647 1397 677 Coena
1420 648 1569 677 Domini
1601 672 1606 677 .
1655 672 1661 677 .
1710 645 1738 677 ,¹
1764 670 2042 677 ......
2109 646 2168 674 731

556 755 610 787 XI.
668 753 935 787 SENTENTIAE
964 754 1024 786 EX
1053 753 1174 786 SACRI
1181 753 1202 785 S
1231 752 1477 786 SCRIPTURIS
1507 751 1563 785 CO
1569 751 1776 787 LLECTAE.

599 822 672 849 quae
694 813 798 841 docent
815 813 1005 850 praecipuum
1029 811 1136 839 cultum
1159 810 1216 838 Dei
1239 820 1301 839 esse
1309 832 1316 845 ,
1340 820 1511 848 promovere
1529 809 1730 847 Evangelium.

368 898 577 934 Prolegomena
622 922 626 927 .
676 921 682 927 .
708 906 718 908 “
731 917 2041 927 .........................
2110 893 2170 921 753

367 939 584 969 Sententiae
608 950 651 968 ex
674 939 799 969 Sacris
820 937 1029 977 Scripturis
1053 938 1250 971 collectae,
1275 948 1363 975 quae
1387 939 1522 967 docent
1547 938 1786 975 praecipuum
1809 936 1945 965 cultum
1970 935 2040 964 Dei

412 992 507 1018 esse,
531 992 747 1020 promovere
771 982 1015 1019 Evangelium
1054 1002 2041 1009 ...................
2110 978 2171 1006 755

160 1104 307 1144 LIBRI
348 1103 591 1143 PHILIPPI
634 1100 1044 1143 MELANTHONIS
1086 1102 1145 1142 IN
1187 1100 1391 1150 QUIBUS
1432 1100 1764 1140 ENARRAVIT
1804 1098 2170 1140 SCRIPTURAM

1046 1172 1293 1215 SACRAM.

984 1280 1202 1313 VOLUMEN
1226 1280 1346 1312 XXIV.

826 1362 1064 1396 POSTILLAE
1093 1361 1502 1395 MELAN'I'HONIANAE

1036 1420 1138 1448 Partes
1161 1420 1183 1447 I.
1208 1426 1235 1447 et
1260 1419 1297 1447 II.

365 1515 577 1551 Prolegomena
622 1531 2040 1543 ...........................
2093 1509 2172 1538 XIII

367 1557 439 1585 Pars
464 1557 486 1585 I.
543 1559 570 1584 A
594 1556 750 1584 Dominiea
773 1557 924 1585 Adventus
948 1558 983 1585 ad
1008 1557 1193 1585 Dominieam
1217 1556 1482 1593 Quinquagesimae
1547 1579 1552 1583 .
1601 1579 1606 1583 .
1656 1578 1661 1584 .
1710 1578 1715 1583 .
1765 1578 1769 1582 .
1819 1578 1823 1582 .
1873 1577 1878 1581 .
1928 1576 1933 1582 .
1983 1577 1987 1581 .
2037 1577 2042 1581 .
2155 1555 2165 1580 I

367 1599 439 1629 Pars
462 1599 501 1628 ΙΙ.
550 1602 575 1627 Α
600 1599 756 1628 Dominica
779 1599 1045 1638 Quinquagesimae
1064 1609 1154 1637 usque
1174 1599 1210 1626 ad
1234 1599 1338 1627 festum
1361 1599 1513 1627 Trinitatis
1545 1618 2039 1626 ..........
2108 1595 2169 1623 413

984 1691 1203 1723 VOLUMEN
1241 1690 1344 1721 XXV.

824 1773 1062 1805 POSTILLAE
1092 1771 1503 1805 MELANTHONIANAE

860 1832 960 1859 Partes
984 1831 1037 1860 III.
1063 1836 1092 1859 et
1114 1830 1165 1859 IV.
1190 1837 1277 1867 atque
1302 1829 1468 1866 Appendix,

368 1915 440 1942 Pars
462 1914 514 1942 111.
560 1917 587 1942 A
606 1915 763 1943 Doiuinica
783 1915 936 1944 Trinitatis
957 1917 994 1944 ad
1013 1916 1196 1945 Dominicam
1221 1914 1304 1943 XIV.
1329 1920 1393 1952 post
1411 1914 1562 1942 Trinitatis
1598 1934 2040 1942 .........
2155 1912 2165 1938 1

369 1957 439 1985 Pars
458 1956 509 1984 IV.
556 1959 583 1985 A
606 1956 762 1986 Dominiea
784 1957 851 1986 XV.
875 1964 940 1996 post
961 1960 1113 1987 Trinitatis
1136 1968 1227 1996 usque
1250 1958 1286 1986 ad
1310 1958 1395 1985 finem
1420 1958 1488 1985 anni
1545 1978 2039 1986 ..........
2108 1953 2167 1981 453

471 2000 627 2037 Appendix
651 2010 666 2027 e.
686 2000 798 2028 duobus
822 2002 968 2030 codicibus
988 2002 1193 2039 manuscriptis
1217 2001 1306 2030 seculi
1329 2000 1412 2028 XVI.
1437 2001 1596 2037 depromta.

556 2044 583 2071 A
607 2041 762 2072 Dominica
780 2045 932 2073 Adventus
951 2046 988 2073 ad
1012 2045 1198 2073 Dominieani
1222 2043 1307 2072 Oculi
1382 2062 2037 2072 .............
2109 2038 2168 2066 903

200 2187 348 2228 LIBRI
381 2189 623 2228 PHILIPPI
656 2188 1066 2232 MELANTHONIS
1098 2191 1156 2231 IN
1191 2189 1393 2240 QUIBUS
1426 2187 1717 2229 DOGMATA
1750 2185 1828 2226 AC
1861 2183 2139 2226 SYMBOLA

463 2260 792 2302 DOCTRINAE
824 2261 1129 2304 ECCLESIAE
1159 2260 1548 2304 LUTHERANAE
1579 2257 1868 2300 EXPOSUIT.

978 2369 1197 2402 VOLUMEN
1232 2370 1352 2401 XXVI.

910 2450 934 2483 1.
991 2450 1105 2484 LIBRI
1133 2450 1407 2484 VISITATORII.

366 2540 574 2578 Prolegomena
592 2542 736 2578 generalia
778 2558 2031 2573 ........................
2144 2534 2160 2563 l

1909 2594 1929 2617 L
1940 2594 1955 2607 >k
