2299 2921
134 82 138 83 ⁷
181 82 243 115 125
956 84 978 117 1.
1023 81 1230 115 ANNALES
1259 81 1406 114 VITAE.
2126 85 2193 117 126

180 178 268 208 Febr.
295 179 342 207 10.
362 177 469 207 Scribit
487 178 617 214 Principi
639 177 778 213 Eleum-i,
800 179 870 216 quid
892 179 1053 207 faciendum
1078 179 1115 208 sit
1137 180 1167 207 in
1190 178 1389 208 controversia
1411 178 1446 206 ab
1470 176 1615 206 Osiandro
1638 182 1727 207 mota.

373 221 494 250 Audivit
516 220 648 248 Dresdae
668 220 823 256 Davidem,
846 221 1012 250 Diaconum
1030 221 1283 260 Freibergensem,
1307 231 1372 249 cum
1396 221 1518 249 Pastore
1541 229 1594 249 suo
1618 221 1814 258 disputantem
1837 221 1874 249 de
1896 221 2073 260 adiaphoris.
2109 223 2192 260 (Vid.

407 273 451 301 ep.
475 263 512 291 ad
535 262 656 292 Weller.
681 263 708 291 d.
736 263 783 292 12.
806 263 906 300 Febr.)

303 307 350 336 13.
373 306 502 334 Nomine
523 304 676 333 Pastorum
699 306 890 335 Misnensium
914 307 1013 336 scribit
1036 307 1187 346 epistolam
1212 308 1248 336 ad
1273 306 1467 336 consolandos
1479 306 1616 334 Pastores
1639 305 1799 334 Bohemiae
1823 311 1849 334 et
1866 305 2015 342 Lusatiae,
2037 307 2074 336 ob
2097 316 2193 336 veram

405 348 567 377 doctrinam
592 348 739 385 expulsos.

295 393 341 420 14.
364 391 489 420 Misniae
512 395 556 419 est
573 392 603 418 in
621 391 723 419 reditu.

302 435 349 464 16.
374 434 560 471 Vitebergam
581 434 745 462 revertitur.

371 476 438 505 1100
461 486 561 505 meuse
582 476 701 513 nuptiae
724 482 791 504 sunt
809 476 928 505 Ioannis
951 477 1065 505 Alberti
1086 477 1177 506 Ducis
1201 478 1346 515 Megapol.
1371 486 1435 506 cum
1458 477 1517 505 filia
1540 477 1653 506 Alberti
1676 477 1767 506 Ducis
1790 477 1935 507 Prussiae.

182 521 269 549 Mart.
323 521 350 550 5.
376 519 467 548 Mittit
489 520 590 548 amicis
614 529 744 547 carmen:
774 518 879 547 Nihil
903 528 977 547 sum
1001 524 1054 548 etc.

318 563 348 592 6.
372 562 541 591 Conventus
564 562 732 599 Principum
756 560 982 597 saxonicorum,
1007 563 1208 591 Marchionum
1230 568 1258 591 et
1280 563 1491 592 Hassiacorum
1515 562 1710 601 Naumburgi‚
1734 564 1783 592 ubi
1807 563 1976 599 decernunt,
1999 572 2031 592 se
2053 573 2113 593 uon
2135 565 2191 593 dis-

406 613 538 633 cessuros
560 613 623 633 csse
645 614 663 632 a
685 605 817 633 doctrina
834 605 863 632 in
887 604 1078 633 confessione
1102 607 1274 644 Augustaua
1296 606 1411 634 tradita.

301 649 348 678 19.
371 647 440 676 Mcl.
463 647 551 675 mittit
572 647 703 675 libellum
722 647 860 685 Chytraei
880 648 915 675 dc
938 649 1131 677 matrimonio.

297 691 346 720 20.
370 690 459 718 Mittit
479 690 609 727 pagellas
633 691 668 718 dc
693 685 780 730 λόγῳ.

297 733 347 761 23.
371 733 517 770 Expectat
541 731 662 770 Georgii
686 732 787 761 Sabini
809 733 973 760 adventum.

372 775 506 803 Exeuute
530 775 636 803 Martio
660 780 687 803 et
710 785 808 804 mense
832 775 927 812 Aprili
949 775 1119 804 Melanthon
1143 781 1301 813 occupatus
1325 782 1369 804 est
1393 777 1556 805 visitatione
1579 775 1773 805 Ecclesiamm
1799 777 1967 806 vicinarum.
2013 776 2073 815 (Cf.
2096 788 2140 816 ep.
2164 779 2192 807 d.

407 818 435 845 9.
456 822 484 845 et
510 818 556 845 10.
576 819 662 854 Apr.)

183 860 279 898 April.
321 861 348 889 5.
374 860 528 888 Praefatur
551 861 580 888 in
603 860 724 888 Hieron.
748 859 811 888 Osii
831 860 921 888 libros
944 861 979 888 de
1003 861 1120 887 vitanda
1144 860 1293 888 ebrietate.

321 903 349 932 9.
370 902 526 931 Marcellus
549 902 587 931 11.
607 902 690 940 Papa
713 903 837 940 eligitur,
863 903 911 940 qui
933 912 999 930 vero
1018 912 1086 930 mox
1108 903 1134 930 d.
1159 903 1206 931 30.
1231 905 1303 940 Apr.
1329 905 1456 932 moritur.

373 945 439 973 Hoc
462 954 561 973 mense
583 946 753 974 Melanthon
777 950 805 973 ct
827 945 1027 982 Bugenhagen
1051 945 1180 973 iudicant
1203 946 1238 972 dc
1262 951 1408 974 reservato
1431 946 1638 975 ecclesiastico.

183 988 251 1017 Mai.
306 988 353 1016 10.
373 988 441 1016 Mel.
463 992 507 1016 est
529 988 656 1025 Lipsiae.

301 1032 347 1059 14.
371 1030 417 1058 De
440 1027 618 1073 εὐτραπελίᾳ
639 1030 785 1068 praefatur
807 1031 836 1057 in
859 1029 938 1057 Delii
957 1034 1048 1057 artem
1071 1029 1195 1058 iocandi.

300 1073 346 1101 18.
370 1073 483 1100 Iudicat
506 1074 541 1100 dc
560 1072 602 1101 Io.
627 1071 791 1100 Slcidani
815 1073 936 1100 historia
956 1073 991 1099 de
1014 1073 1189 1109 germanicis
1207 1073 1340 1100 motibus.

371 1115 460 1143 Mittit
482 1116 757 1143 enarrationem
782 1115 1066 1151 proverbiorum
1090 1113 1315 1143 Salomonis.

297 1157 345 1186 23.
371 1157 496 1186 Ioannes
517 1157 637 1192 Petrus,
660 1157 874 1194 Neapolitanus
896 1167 932 1185 cx
958 1156 1106 1185 Gai-africa
1124 1158 1234 1185 familia
1257 1159 1339 1196 Papa
1362 1158 1487 1195 eligitur,
1509 1159 1558 1195 qui
1580 1168 1611 1188 se
1634 1159 1762 1197 appellat
1785 1161 1907 1189 Paulum
1932 1161 1986 1191 IV.

181 1199 245 1229 Iun.
323 1202 347 1228 1.
370 1199 533 1228 Hubertum
555 1200 801 1238 Languetum⁷
825 1200 853 1227 in
879 1199 992 1227 Italiam
1015 1200 1224 1238 profecturum,
1249 1202 1433 1229 commendat
1452 1201 1572 1230 Bellaio.

317 1244 343 1272 3.
369 1242 522 1271 studiosus
537 1252 575 1270 ex
588 1243 712 1271 Polonia
730 1248 817 1271 noctu
835 1243 933 1279 gladio
952 1243 1091 1280 impetum
1104 1243 1173 1271 facit
1184 1244 1214 1270 iu
1227 1243 1452 1272 Melanthonem.
1486 1244 1553 1280 Qua
1571 1246 1607 1272 de
1628 1255 1659 1274 re
1678 1245 1802 1275 Ioannes
1825 1244 1964 1284 Stigelius
1987 1248 2059 1276 haec
2074 1249 2191 1285 cecinit,

406 1295 479 1322 quae
500 1286 635 1322 leguntur
657 1286 686 1313 in
711 1285 833 1323 Scriptis
855 1285 962 1322 public.
988 1286 1079 1313 Acad.
1103 1286 1250 1323 Vitebcrg.
1271 1287 1355 1315 Toni.
1381 1287 1418 1314 ΙΙ.
1441 1287 1494 1315 litt.
1521 1285 1557 1321 Q.
1581 1288 1608 1317 3.

749 1336 865 1367 „Aspera
882 1339 1010 1359 nocturno
1030 1336 1089 1359 dum
1108 1335 1190 1360 fervet
1207 1338 1264 1360 rixa
1282 1337 1400 1367 tumultu,

814 1370 946 1401 Impiaque
965 1370 1081 1393 effraenis
1101 1371 1213 1394 concitat
1231 1378 1302 1394 arma
1319 1371 1398 1401 sui-or,

747 1405 859 1435 Agmine
877 1411 924 1435 pro
944 1404 1040 1434 phoebi
1059 1404 1149 1427 solitus
1170 1405 1279 1435 vigilare
1299 1405 1492 1430 Melanthon

815 1439 961 1462 Accurrens
980 1439 1086 1462 monitis
1105 1440 1177 1463 triste
1197 1440 1300 1463 diremit
1318 1447 1391 1470 opus.

746 1473 836 1496 Audiit
854 1473 957 1503 eloquio
976 1474 1121 1496 vincentem
1141 1477 1166 1496 et
1184 1474 1298 1504 pondere
1318 1475 1380 1504 veri,

815 1507 848 1530 Et
865 1508 949 1538 posuit
966 1506 1082 1530 fremitus
1102 1511 1202 1531 caetera
1221 1508 1295 1531 turba
1312 1514 1381 1532 snos

748 1540 816 1564 Unus
836 1545 861 1565 et
878 1542 901 1564 is
920 1542 979 1565 tetri
998 1545 1086 1572 raptus
1106 1542 1303 1566 cacodaemonis
1321 1546 1391 1565 astro

814 1576 927 1599 Strinxit
945 1577 971 1599 iu
990 1576 1136 1605 Augustum
1157 1576 1278 1599 barbarus
1298 1583 1370 1600 arma
1388 1583 1483 1600 senem.

745 1610 802 1633 Hoc
822 1611 903 1633 seclus
922 1614 949 1632 ut
967 1610 1038 1633 fertis
1057 1611 1176 1640 generosi
1195 1611 1287 1634 infame
1306 1608 1417 1636 Poloni?

813 1644 859 1667 1110
878 1645 972 1667 etenim
992 1652 1004 1667 e
1023 1648 1108 1667 vestra
1127 1645 1246 1669 Sarmata
1264 1649 1340 1675 gente
1358 1645 1413 1669 fuit.

745 1676 812 1706 Quid
833 1682 908 1709 eaput
927 1678 976 1701 hoc
996 1683 1110 1702 sanctum
1129 1679 1172 1702 tibi
1192 1679 1301 1703 barbaro
1320 1680 1416 1703 fecerat
1434 1678 1526 1709 hostis,

813 1712 853 1736 De
873 1720 922 1742 quo
941 1714 995 1736 iure
1015 1716 1100 1743 potest
1118 1720 1193 1736 nemo
1212 1714 1315 1737 favente
1335 1714 1426 1744 queri?

745 1746 803 1770 Non
824 1751 907 1769 tamen
927 1751 971 1770 aut
990 1748 1089 1770 animus
1109 1747 1197 1771 firmae
1216 1753 1259 1771 aut
1278 1748 1303 1771 in
1323 1755 1430 1778 corpore
1451 1749 1516 1771 vires

813 1781 943 1804 Musarum
963 1789 1112 1812 oppressum
1132 1783 1270 1805 destituere
1289 1783 1366 1805 decus

745 1814 864 1846 Reppulit
883 1816 975 1839 obiecti
996 1816 1045 1839 vim
1065 1820 1161 1839 tautam
1182 1817 1285 1840 verbere
1304 1817 1359 1848 pili,

815 1849 951 1880 Obviaque
970 1850 1109 1873 innumeris
1130 1851 1223 1873 ivtibus
1243 1858 1314 1874 arma
1333 1851 1398 1874 tulit.

747 1884 781 1906 At
799 1887 844 1906 tua
863 1888 887 1907 te
906 1884 1023 1907 Nemesis
1043 1885 1149 1907 meritae
1168 1889 1193 1907 te
1213 1886 1237 1907 in
1257 1889 1371 1916 tempore
1390 1892 1489 1916 poenae

812 1917 924 1948 Impulit,
944 1919 1044 1941 iniustis
1063 1926 1129 1949 quae
1148 1920 1213 1942 solet
1232 1926 1288 1942 esse
1308 1927 1401 1942 comes.

745 1951 817 1981 Ergo
837 1953 906 1975 omni
925 1960 940 1975 a
958 1953 1052 1983 populo
1073 1953 1207 1976 damnatus
1226 1954 1280 1976 iure
1299 1954 1380 1982 fuisti,

813 1985 881 2008 Dum
899 1986 978 2009 fenne
997 1987 1067 2010 saxis
1087 1987 1192 2010 obrutus
1212 1988 1337 2012 exulabis.

746 2019 838 2043 Gratia
856 2021 889 2043 sit
908 2020 1022 2050 Christo,
1042 2021 1083 2052 qui
1103 2028 1183 2052 parvo
1204 2022 1229 2044 in
1249 2029 1355 2053 corpore
1374 2029 1482 2052 magnus

814 2053 924 2077 Militiae
943 2059 1028 2078 servat
1046 2055 1161 2078 membra
1180 2056 1265 2079 dicata
1283 2064 1353 2079 suae.

747 2086 823 2115 Quod
842 2088 863 2110 si
883 2090 933 2112 vim
952 2090 1091 2119 reprimens
1110 2091 1190 2114 virtus
1210 2091 1235 2113 in
1256 2098 1364 2121 corpore
1384 2094 1455 2114 tanta
1474 2094 1520 2118 est,

814 2121 918 2145 Proelia
936 2123 956 2145 si
975 2123 1047 2147 fortis
1067 2123 1130 2147 talia
1148 2124 1240 2148 dextra
1259 2125 1331 2148 facit:

745 2153 813 2183 Quid
832 2155 910 2179 facies
930 2157 1015 2180 animo
1034 2158 1180 2188 blaspheme
1200 2162 1225 2181 et
1243 2159 1320 2190 impie
1340 2159 1424 2182 livor?

814 2190 860 2213 Hic
879 2190 981 2221 plenum
1000 2191 1095 2215 invicto
1116 2193 1219 2215 numine
1238 2193 1318 2216 robur
1335 2193 1436 2216 habet.“

317 2231 343 2258 7.
364 2228 513 2268 Crucigcri
532 2231 621 2259 filium
645 2231 815 2260 Melanthon
840 2234 1023 2262 commendat
1048 2233 1177 2271 Georgio
1199 2235 1343 2272 Fabricio,
1368 2241 1396 2264 et
1419 2236 1540 2264 Paulum
1564 2236 1721 2264 Luthcrum
1746 2235 1819 2272 Regi
1843 2235 1968 2263 Dauiae.

295 2273 344 2301 21.
368 2273 456 2301 Mittit
478 2275 580 2302 amicis
598 2275 742 2312 pagellam
762 2275 797 2303 dc
818 2276 991 2314 genealogia
1003 2275 1121 2312 Christi,
1145 2278 1191 2305 cui
1209 2279 1308 2306 addita
1328 2285 1395 2308 sunt
1418 2280 1556 2316 quaedam
1577 2279 1751 2316 degentium
1771 2278 1934 2306 nominibus
1958 2283 1986 2305 et
2006 2279 2179 2317 originibus:

403 2315 612 2356 „Gffinmmffiettet
632 2324 683 2347 non
704 2320 752 2347 hen
772 2318 922 2348 moratum
948 2318 1065 2356 OEbrfftt,
1091 2320 1166 2350 bubei
1186 2321 1240 2356 1ῑηῦ
1260 2322 1338 2352 „ieter
1359 2323 1458 2353 muter
1483 2323 1533 2352 ulte
1553 2321 1659 2351 mamea
1680 2322 1733 2351 unb
1753 2323 1893 2358 llrimuug
1913 2321 2077 2360 angegeigtf‘
2119 2322 2178 2358 (cf.

401 2368 444 2395 ep.
469 2359 495 2387 d.
525 2361 570 2389 13.
596 2364 623 2387 et
647 2360 696 2388 22.
722 2361 790 2396 Iul.)

292 2398 340 2428 24.
365 2398 471 2429 Scribit
493 2403 530 2430 ad
548 2402 687 2431 amicum:
713 2403 796 2440 „Ego
818 2404 848 2431 in
862 2404 916 2432 hoc
928 2407 1010 2432 aestu
1029 2405 1151 2433 duorum
1164 2407 1304 2435 mensium
1317 2417 1410 2445 paene
1423 2408 1586 2445 extinguor,
1609 2416 1662 2436 nec
1682 2406 1761 2435 cibos
1775 2406 1867 2434 habeo
1880 2415 1933 2435 uec
1945 2411 2045 2444 potum
2058 2411 2179 2436 naturae

401 2453 482 2471 meae
505 2445 752 2474 couvenienteui.“

177 2482 231 2512 lul.
300 2486 345 2513 13.
368 2483 493 2514 Sabinus
516 2487 637 2515 mittitur
660 2488 772 2525 legatus
793 2489 829 2516 ad
853 2488 963 2526 Regem
984 2489 1136 2520 poloniae.

177 2527 253 2564 Aug.
315 2528 341 2556 9.
366 2528 455 2556 Mittit
478 2529 545 2557 Mel.
569 2538 683 2558 carmen
704 2531 740 2558 de
763 2531 879 2559 nomine
903 2532 1075 2568 Margareth.
