2299 2921
171 132 213 164 77
702 157 711 165 x
952 129 976 160 1.
1022 129 1232 161 ANNAIAES
1261 128 1406 160 VlTAE.
1692 173 1695 175 μ
2134 133 2179 166 73

172 227 238 258 Iun.
290 219 342 257 20)
364 227 432 256 Mel.
456 228 492 255 ad
515 227 716 254 Theodorum:
752 225 923 263 „Respondi
953 226 988 253 de
1010 225 1082 254 locis
1106 225 1245 253 Iohannis
1273 225 1406 252 breviter.
1451 224 1508 252 Sed
1531 225 1659 252 indicare
1682 225 1734 253 tibi
1758 234 1885 254 summas
1908 235 2004 255 rerum
2028 229 2099 256 satis
2122 234 2177 265 est,

397 276 425 298 et
458 270 605 298 delineare
635 268 785 306 materias.
842 268 887 296 Tu
922 269 1030 305 poteris
1064 269 1170 297 addere
1205 269 1284 296 vivos
1325 267 1445 298 colores.
1503 265 1650 305 Casparus
1684 267 1853 306 (Cruciger)
1889 275 2003 298 enarrat
2034 270 2177 300 Iohannis

394 312 615 350 Evangelium.“

289 356 338 385 26.
362 356 429 384 Mel.
454 356 491 383 ad
515 353 729 383 camerarium:
766 363 848 389 „mea
870 354 977 382 coniux
1000 355 1130 392 profecta
1159 360 1202 382 est
1232 354 1268 382 ad
1296 354 1386 382 filiam
1409 355 1558 392 (Annam,
1584 352 1684 381 Sabini
1707 355 1859 391 uxorem),
1888 364 1974 392 quam
2003 365 2090 394 spero
2118 357 2177 385 iam

396 402 528 435 quartum
551 407 721 434 puerperam
746 399 839 424 esse-‘⁴
2024 400 2029 401 ⁷

171 442 227 472 Iul.
305 443 334 470 5.
357 440 428 469 Loci
453 441 608 477 theologici
632 439 798 476 germanice
821 440 973 475 prodeunt,
998 444 1027 466 et
1048 439 1155 467 indicat
1179 440 1246 468 Mel.
1270 440 1300 467 in
1319 439 1498 477 praefatione
1520 439 1589 476 quid
1608 440 1637 467 in
1662 440 1697 468 iis
1720 442 1884 469 mutaverit.

307 484 335 512 8.
359 482 535 512 Consolatur
559 483 688 511 Alesium
707 481 835 515 Scotum,
861 483 909 519 qui
932 481 1158 511 Francofordiae
1179 483 1208 510 in
1231 483 1298 510 odia
1321 483 1501 519 quorundam
1524 482 1692 510 incurrerat.

289 528 335 555 13.
359 525 487 555 Comitia
508 526 760 562 Norinbergensia
783 530 899 562 propter
923 524 1027 552 bellum
1052 535 1116 553 cum
1139 526 1253 559 Tamis,
1275 526 1355 553 finita
1380 526 1407 553 d.
1432 526 1480 554 26.
1505 527 1580 562 Aug.

285 570 333 598 21.
357 570 423 598 Mel.
453 570 489 597 ad
516 569 730 598 camerarium:
767 568 850 604 ⁷„Ego
886 568 1034 597 doloribus
1064 569 1328 606 hypochondriacis
1356 569 1540 596 mediocriter
1569 569 1729 598 excrucior.
1781 568 1905 597 Familia
1933 579 1998 597 mea
2025 570 2111 598 rediit
2140 579 2177 597 ex

395 612 526 640 Marchia
549 612 637 640 salva.
682 611 783 640 Sabini
808 611 915 639 coniux
936 612 1052 648 peperit
1075 619 1205 648 quartam
1228 611 1347 639 filiam.“

360 655 426 683 Hoc
448 664 547 682 mense
569 654 673 682 bellum
699 654 924 681 Protestantium
949 654 1086 682 adversus
1110 655 1270 682 Henricum
1294 654 1547 682 Brunsvicensem.

171 700 249 737 Aug.
292 699 338 726 10.
363 698 430 726 Mel.
454 698 542 726 mittit
560 697 710 725 historiam
734 697 891 725 Ambrosii.

290 742 338 769 21.
362 741 509 769 Henricus
532 740 755 768 Brunsvicensis
778 741 806 767 in
830 739 907 777 fuga.

286 784 335 812 26.
358 783 513 812 Finiu‘ntur
534 783 650 811 comitia
673 782 929 819 Norinbergensia.

285 827 335 855 30.
360 827 502 854 lnvitatur
525 831 557 854 ut
581 826 705 854 Dessam
732 826 825 853 veniat
848 827 884 853 ad
909 826 1058 863 Principes
1080 825 1266 854 Anhaltinos.

168 868 249 908 Sept.
307 870 334 898 2,
359 869 535 898 Consolatur
559 867 750 906 Spalatinum,
773 869 820 905 qui
844 869 972 905 putabat,
996 878 1027 896 se
1050 869 1158 905 negligi
1181 878 1199 895 a
1219 868 1288 896 Mel.
1309 872 1335 895 et
1355 867 1493 896 Luthero.

305 917 331 941 4.
354 910 472 940 Summa
496 922 564 940 cura
588 912 802 939 educandorum
828 911 994 948 Principum
1015 907 1207 939 Ascanioru'm
1231 911 1358 938 defertur
1383 911 1570 939 Melanthoni.

307 956 334 984 8.
357 955 533 993 Expatiatur
555 955 592 983 ad
615 955 765 991 Principes
789 955 932 982 Ascanios
954 954 1089 989 hessam,
1113 963 1170 991 quo
1195 958 1222 980 et
1245 954 1325 981 venit
1347 952 1540 982 Camerarius.

287 1000 333 1026 11.
358 997 557 1026 Camerarium
582 999 701 1034 eiusque
724 997 860 1025 familiam
885 998 997 1032 invitat,
1021 1002 1051 1024 ut
1075 997 1262 1033 Vitebergam
1287 997 1405 1023 veniant
1428 1001 1455 1024 et
1478 996 1589 1034 fugiant
1608 1002 1718 1034 pestem
1738 996 1857 1034 Lipsiae
1879 1001 2070 1034 grassantem.

284 1041 332 1070 20.
355 1041 541 1078 Magdalena,
565 1040 683 1068 Lutheri
706 1040 776 1074 filia,
801 1040 929 1068 moritur.

168 1084 233 1113 Oet.
302 1085 327 1113 7,
353 1083 473 1120 Lipsiae
495 1089 538 1111 est
560 1085 588 1111 in
611 1083 754 1110 nundinis.
840 1082 871 1109 In
896 1083 992 1109 animo
1017 1082 1101 1109 habet
1122 1081 1247 1110 scribere
1271 1081 1408 1108 adversus
1430 1080 1721 1111 Schwenckfeldium.

354 1125 463 1155 Scribit
485 1127 521 1154 ad
540 1126 716 1159 Mauritium,
741 1124 861 1159 Ducem,
885 1125 919 1152 de
943 1125 1120 1153 instituenda
1143 1125 1304 1152 Academia
1326 1124 1480 1161 Lipsiensi.

284 1170 331 1198 24.
353 1169 472 1196 Alesius
493 1169 529 1196 ob
552 1169 616 1196 lites
636 1178 700 1195 cum
726 1168 980 1195 Francofordianis
1004 1168 1134 1205 Lipsiam
1158 1177 1188 1195 se
1212 1168 1382 1194 contulerat.

354 1212 412 1240 Per
434 1211 551 1239 Petrum
577 1212 781 1239 Medmannum
806 1211 975 1238 Melanthon
995 1211 1148 1244 invitatur,
1173 1215 1201 1237 ut
1225 1211 1261 1237 ad
1288 1210 1544 1247 Archiepiscopum
1569 1208 1772 1238 Coloniensem
1796 1211 1901 1238 veniat.

353 1254 419 1283 Hoc
449 1264 547 1282 mense
576 1254 746 1292 praescribit
770 1254 838 1282 Vito
862 1254 1018 1282 Theodoro
1042 1254 1192 1290 epistolam
1222 1253 1465 1290 nuncupatoriam
1496 1254 1712 1290 praefigendam
1735 1252 1857 1281 Lutheri
1886 1253 2115 1282 enarrationibus
2142 1254 2172 1282 in

387 1298 514 1325 Micham
538 1297 723 1334 Prophetam,
747 1307 764 1324 a
788 1297 856 1324 Vito
877 1297 969 1324 editis.

163 1340 241 1370 Nov.
303 1342 330 1370 7.
353 1341 495 1378 Princeps
519 1340 638 1368 Elector
661 1343 687 1367 et
711 1339 914 1377 Landgravius
939 1340 1077 1373 Hassiae,
1109 1339 1294 1367 Melanthone
1318 1339 1492 1376 interprete,
1516 1339 1701 1367 intercedunt
1730 1339 1807 1376 apud
1831 1339 1943 1367 Ducem
1966 1339 2173 1376 Lotharingiae

386 1393 438 1420 pro
462 1384 572 1411 civibus
596 1383 783 1411 Metensibus.
822 1384 966 1411 Metenses
988 1383 1043 1410 hoc
1063 1387 1191 1419 tempore
1214 1386 1406 1419 rogaverant,
1429 1386 1460 1409 ut
1482 1382 1512 1409 in
1533 1382 1634 1410 foedus
1657 1382 1919 1411 Schmalcaldicum
1942 1383 2171 1411 admitterentur.

280 1427 326 1455 18.
351 1426 528 1464 Apologiam
550 1426 647 1453 scribit
672 1426 720 1462 pio
744 1426 844 1453 Alesio
866 1424 953 1454 Scoto
975 1426 1010 1453 ad
1034 1426 1222 1453 Academiam
1246 1424 1534 1454 Franeofordianam.

275 1469 324 1498 22.
347 1469 452 1505 Legati
475 1468 574 1506 Papae
598 1469 712 1496 venium
737 1469 916 1496 Tridentum.

279 1513 327 1541 28.
352 1512 567 1548 Hieronymum
592 1511 706 1549 Copuni
731 1513 910 1539 commendat
933 1511 1206 1540 Ratisbonensibus.

160 1554 234 1584 Dec.
298 1557 326 1585 4.
352 1556 553 1583 Protestantes
576 1555 731 1591 repudiant
752 1555 890 1582 iudicium
914 1554 1063 1583 Gamerae.

348 1598 418 1627 Mel.
443 1598 649 1635 interpretatur
673 1597 806 1626 Ciceron.
831 1598 991 1626 orationem
1015 1598 1225 1626 Murenianam.

347 1639 453 1670 Scribit
482 1641 519 1669 ad
542 1641 744 1669 Theodorum:
781 1640 864 1676 „Nos
893 1641 1047 1669 Danielem
1074 1641 1119 1668 his
1145 1640 1293 1675 nondinis,
1323 1644 1354 1668 ut
1383 1649 1484 1676 spero,
1517 1640 1622 1667 edituri
1651 1648 1760 1668 sumus.
1809 1639 1978 1667 Erotemata
2004 1639 2171 1667 dialectices

380 1685 510 1712 nondum
533 1688 599 1712 sunt
621 1684 762 1712 absoluta.
796 1684 908 1712 Inserui
933 1689 960 1711 et
983 1684 1207 1721 explicationem
1227 1683 1470 1720 syllogismorum.
1508 1682 1625 1710 Dictavi
1648 1683 1678 1710 in
1701 1683 1803 1711 schola
1820 1691 1920 1710 rursus
1943 1682 2169 1721 explicationem

382 1727 530 1755 doctrinae
554 1727 624 1766 περὶ
647 1725 835 1763 δικαιοσύνης
858 1730 1018 1761 almerus-ff

277 1771 324 1799 13.
347 1769 481 1798 Danielis
505 1772 715 1797 enarrationem
738 1770 813 1797 dicat
838 1770 982 1803 Mauritio,
1007 1770 1083 1798 Duci
1102 1769 1171 1798 Sax.

280 1814 329 1841 17.
353 1812 492 1847 Bucerus,
517 1814 675 1841 accersitus
694 1813 730 1839 ab
753 1814 984 1850 Archiepiscopo
1009 1812 1187 1847 Coloniensi,
1213 1812 1344 1840 Bonnam
1370 1812 1456 1839 venit.

277 1855 326 1883 22.
352 1857 420 1883 Mel.
445 1856 542 1884 scribit
566 1856 703 1883 iudicium
728 1856 762 1883 de
784 1854 911 1894 Synodo.

277 1898 524 1934 '27„Consolatur
543 1898 654 1933 Ionam,
677 1899 758 1926 cuius
783 1909 856 1927 uxor
879 1904 993 1927 mortua
1017 1904 1085 1926 erat.

350 1941 416 1969 Hoc
435 1951 512 1969 anno
536 1950 618 1969 soror
642 1942 836 1970 Melanthonis
860 1948 974 1971 mortua
998 1947 1056 1976 est;
1080 1942 1148 1969 item
1172 1941 1271 1968 fratris
1294 1949 1376 1968 uxor.

1000 2069 1153 2100 ANNO
1198 2067 1322 2099 1543.

159 2154 220 2182 Ian.
351 2154 411 2183 Sub
435 2154 515 2182 initio
540 2154 624 2182 huius
647 2155 714 2182 anni
740 2155 784 2181 vel
809 2160 932 2181 exeunte
952 2166 1028 2183 anno
1056 2157 1145 2183 1542.
1169 2156 1311 2193 abrogata
1335 2160 1377 2183 est
1401 2153 1576 2190 Vite'Jergae
1598 2153 1720 2181 clevatio
1742 2153 1773 2180 in
1795 2161 1879 2180 sacra
1901 2161 2002 2180 coena.

300 2199 325 2224 l.
351 2197 452 2224 Prodit
475 2197 540 2224 Mel.
565 2198 788 2225 commentarius
811 2198 840 2224 in
864 2197 996 2226 Danielis
1020 2199 1164 2226 vaticinia.

342 2240 414 2267 Mel.
438 2240 585 2277 praefatur
608 2241 635 2268 in
661 2239 765 2269 Slifolii
790 2240 1000 2269 arithmeticam
1024 2246 1051 2269 et
1074 2242 1103 2269 in
1128 2242 1306 2270 Alcoranum
1330 2240 1502 2268 Bibliandri.

295 2282 322 2310 2.
346 2283 413 2310 Mel.
438 2284 633 2319 proficiscitur
656 2283 795 2320 Lipsiam.

294 2326 321 2354 8.
348 2325 415 2353 Mel.
438 2326 512 2354 redit
532 2326 728 2363 Vitebergam.

272 2368 318 2395 lO.
340 2367 432 2395 Fama
454 2369 581 2405 undique
604 2379 706 2407 sparsa
728 2369 757 2396 in
781 2368 949 2403 Germania,
971 2369 1125 2397 Caesarem
1149 2369 1270 2407 periisse
1289 2369 1318 2396 in
1342 2368 1428 2396 undis
1451 2368 1539 2395 maris
1562 2368 1589 2394 in
1614 2366 1708 2393 reditu
1730 2376 1767 2393 ex
1787 2366 1897 2394 Africa.

274 2411 321 2438 15.
343 2410 528 2439 Hermannus
553 2413 730 2449 Arcbiepisc.
755 2411 938 2439 Coloniensis
970 2413 1054 2448 petit,
1086 2418 1116 2439 ut
1141 2413 1309 2439 Melanthon
1333 2412 1462 2439 mittatur
1486 2409 1638 2437 Coloniam
1667 2409 1702 2436 ad
1727 2409 1955 2446 promovendam
1989 2408 2167 2436 emendatio-

381 2463 447 2481 nem
471 2460 626 2482 sacrorum.
650 2470 691 2476 ψ-
716 2454 787 2482 Item
812 2455 882 2491 petit
904 2454 1035 2482 Bucerus
1059 2456 1087 2483 in
1108 2455 1212 2483 litteris
1234 2455 1269 2482 ad
1293 2454 1459 2491 Principem
1482 2453 1642 2480 memorem
1668 2452 1773 2479 missis.

346 2496 412 2523 Mel.
436 2499 615 2524 commendat
639 2498 838 2526 Northusanis
862 2498 1014 2525 Erasmurn
1040 2499 1187 2526 Alberum.

276 2539 320 2566 17.
346 2537 471 2567 Comitia
495 2540 635 2568 habentur
660 2540 870 2578 Norinbergae,
895 2541 1078 2577 praesidibus
1102 2540 1287 2569 Ferdinando
1308 2549 1386 2576 rege,
1410 2544 1438 2566 et
1461 2536 1630 2572 Granvellaeu
1655 2535 1790 2565 Caesaris
1813 2537 1918 2574 legato.

275 2581 324 2610 25.
350 2582 417 2609 Mel.
441 2583 596 2619 respondet
619 2584 655 2610 ad
678 2583 794 2620 longam
819 2584 1055 2612 deliberationem
1080 2585 1214 2613 aulicam.
