2299 2921
153 138 218 171 443

154 238 188 263 vt
212 232 289 263 olim
312 231 413 273 aliqui
436 230 597 264 fecerunt.
644 232 685 264 Et
715 244 788 264 cum
817 243 937 274 magna
967 234 1008 263 sit
1039 234 1132 264 dissi-

153 274 299 306 militudo
323 275 489 307 hominum
513 277 545 306 in
568 273 632 306 illis
662 275 851 317 sodalicijs‚
881 285 946 306 non
978 275 1132 306 volumus

154 318 344 349 concionari
367 316 475 355 malis,
500 319 554 359 qui
578 325 713 359 propter
737 317 865 349 culinas
889 324 921 349 et
945 318 1024 358 [fol.
1048 318 1129 357 98b1

154 360 320 392 licentiam
351 359 426 392 illas
455 360 603 392 latebras
631 367 758 398 amant,
784 361 845 392 sed
876 360 1045 393 sanabiles
1074 362 1133 393 ob·
1157 368 1160 374 ⁸

153 409 311 435 testamur
342 408 479 444 propter
512 403 653 444 gloriam
686 403 756 440 dei,
790 409 822 434 et
856 413 949 435 suam
978 403 1132 442 salutem,

154 453 189 477 vt
212 447 357 487 cogitent
381 446 464 477 haec
488 447 587 483 dictu,
603 448 655 483 90)
680 445 754 476 Non
782 445 922 477 habebis
947 447 1029 477 deos
1052 445 1132 478 alie·
1156 460 1160 495 ἱ

154 499 235 527 nOS,
261 488 363 530 fugite
386 487 482 518 idola.
524 488 639 523 Qualis
665 499 750 519 nunc
774 496 826 519 est
849 489 913 520 vita
938 490 1132 527 monastica,
1157 498 1160 503 ·

154 531 329 573 plurimum
351 530 452 561 habet
477 532 646 571 impiorum
671 530 816 562 cultuum
841 538 872 562 et
895 533 1063 562 vanitatis.
1081 536 1132 570 ¹³¹)

154 574 278 605 Missas
302 572 425 605 habent
452 572 587 604 venales
611 584 671 614 pro
696 574 780 605 vinis
805 581 838 604 et
857 575 1005 612 mortuis,
1027 581 1059 605 et
1078 574 1133 605 hic

154 624 313 659 quaestus
355 622 406 647 est
439 617 471 647 in
506 615 675 658 plerisque
708 617 918 658 monasterijs
960 618 1131 648 maximus.

155 660 284 690 Vsitata
314 666 366 690 est
396 659 438 689 ibi
467 666 499 689 et
536 666 737 691 mortuorum
766 660 936 691 inuocatio
965 659 1133 691 cumulata

154 702 262 734 multis
292 703 384 733 tetris
413 703 726 743 supersticionibus,
757 709 937 734 statuarum
967 703 1133 734 adoratio·

154 746 262 782 nibus,
286 743 498 786 indulgentijs
528 752 560 776 et
583 744 658 787 alijs
683 746 887 786 imposturis.
932 746 1048 777 Studia
1076 747 1134 778 do-

155 789 280 820 ctrinae
308 794 363 819 aut
390 786 481 819 nulla
515 795 591 819 sunt
626 794 681 819 aut
717 795 884 829 corrupta.
936 788 1006 820 Hae
1041 788 1133 820 solae

156 842 279 862 causae
302 831 383 862 sati..
408 841 549 872 magnae
578 837 669 867 sunt,
700 842 758 862 cur
785 831 935 862 homines
965 842 1030 863 non
1058 842 1133 873 pro-

154 874 252 915 phani
281 884 321 905 ex
354 872 417 904 illis
449 873 619 915 sodalieijs
655 874 828 906 discedere
863 875 1022 912 debeant,
1057 874 1133 914 lfol.

155 917 238 957 99⁸]
271 918 346 958 qnia
383 922 477 953 vota,
509 927 594 957 quae
626 915 792 958 implicant
826 924 857 948 te
894 919 1006 959 generi
1036 918 1133 952 vitae,

155 961 186 991 in
211 971 276 1001 quo
300 966 352 991 est
376 958 487 991 cultus
510 959 687 997 idolorum,
711 966 788 992 sunt
810 960 897 991 haud
911 961 1007 992 dubie
1030 961 1133 998 irrita,

155 1003 245 1034 iuxta
267 1003 404 1044 primum
429 1003 627 1040 mandatum,
643 1006 694 1039 92)
719 1004 807 1044 quod
832 1010 884 1035 est
911 1004 1079 1035 immotum
1103 1008 1136 1034 et

154 1052 335 1080 aeternum,
359 1052 391 1077 et
415 1045 530 1087 regula
555 1047 696 1077 omnium
720 1045 859 1078 aliorum
871 1053 1132 1088 praeceptorum.

155 1089 230 1120 Non
254 1088 391 1120 habebis
416 1089 497 1120 deos
520 1087 660 1120 alienos.
677 1091 727 1126 93)
762 1089 869 1120 Citam
895 1099 936 1120 ex
960 1088 1065 1120 Paulo
1081 1091 1134 1128 ⁹⁴)

155 1132 197 1163 de
221 1132 341 1169 viduis,
366 1131 507 1162 Primam
531 1131 628 1162 fidem
652 1133 776 1163 irritam
800 1131 960 1163 fecerunt.
996 1132 1061 1163 Sed
1086 1142 1133 1163 re-

156 1175 293 1216 sponsio
317 1176 410 1205 firma
434 1180 466 1205 et
488 1176 665 1215 perspicua
694 1182 755 1206 est.
801 1175 908 1206 Etiam
931 1176 958 1205 si
983 1174 1135 1216 loquere·

156 1224 209 1249 tur
230 1217 355 1249 Paulus
380 1219 421 1248 de
445 1219 547 1255 v01i5‚
572 1226 679 1248 tamen
703 1217 780 1249 talia
809 1224 885 1249 vota
915 1216 1006 1248 nullo
1036 1218 1134 1249 modo
1157 1228 1161 1251 ι

156 1262 323 1302 probaret,
347 1270 432 1302 quae
456 1261 631 1292 coniuncta
655 1269 732 1292 sunt
757 1272 831 1292 cum
854 1259 943 1292 cultu
969 1260 1134 1292 ldolorum
1158 1260 1161 1298 l

156 1310 189 1334 et
213 1302 322 1334 multis
346 1303 525 1334 erroribus.
561 1304 645 1334 Sunt
663 1310 772 1335 autem
792 1309 824 1335 et
843 1303 908 1335 alia
927 1303 1027 1334 multa
1047 1313 1135 1334 men·

157 1347 251 1378 dacia
274 1347 305 1376 in
330 1346 426 1377 votis·
473 1345 670 1377 Promittant
694 1347 878 1377 castitatem
902 1352 932 1377 et
960 1352 1135 1387 pauperta-

156 1395 232 1428 tem,
256 1399 353 1431 quam
377 1387 469 1420 multi
484 1390 537 1426 ⁹⁵)
560 1390 626 1420 sint
646 1389 753 1420 idonei
777 1390 819 1420 ad
843 1390 943 1420 vitam
973 1385 1135 1420 coelibem

155 1433 219 1475 ipsi
237 1440 368 1463 norunt.
403 1431 533 1462 Deinde
549 1432 590 1463 de
605 1438 800 1473 paupertate
817 1434 937 1469 sciunt,
953 1434 1007 1469 96)
1031 1430 1134 1463 multo

155 1474 268 1517 plures
302 1484 463 1516 quaerere
498 1475 542 1505 ibi
576 1474 704 1507 culinas
743 1476 922 1507 instructas
956 1485 1054 1516 quam
1087 1475 1136 1506 in-

156 1519 264 1559 opiam
288 1523 319 1548 et
341 1516 471 1548 famem.

243 1577 320 1618 [fol.
344 1576 427 1616 99¹2]
453 1577 520 1608 lam
542 1576 607 1609 hoc
630 1588 761 1620 quoque
776 1578 1053 1610 considerandum
1074 1582 1136 1617 est,

154 1619 324 1653 Excusent
346 1626 378 1652 et
398 1619 534 1653 laudent
558 1621 658 1652 vitam
676 1620 896 1654 monasticam
913 1620 1065 1653 homines
1090 1621 1135 1653 di-

155 1665 247 1703 serti,
270 1669 305 1696 vt
327 1662 460 1703 volent,
489 1670 597 1696 tamen
621 1674 753 1707 semper
775 1665 860 1696 haec
887 1665 996 1707 opinio
1026 1666 1057 1696 in
1080 1664 1136 1696 ho-

155 1708 295 1739 minibus
327 1718 392 1739 non
423 1705 605 1749 prophanis
634 1708 700 1739 hoc
727 1707 879 1749 exemplo
910 1708 1136 1746 confirmatur,

156 1751 244 1792 quod
267 1749 344 1781 talia
367 1760 470 1792 opera
494 1749 600 1782 electa
628 1750 771 1783 humano
802 1750 943 1784 consilio
973 1752 1040 1782 sint
1070 1750 1136 1783 cul-

156 1800 210 1825 tus
233 1793 296 1831 dei,
320 1794 353 1825 id
375 1799 426 1825 est
449 1803 564 1834 opera,
587 1804 647 1835 per
668 1804 753 1836 quae
775 1794 896 1827 iudicet
925 1795 1007 1826 deus
1022 1796 1075 1831 ⁹⁷)
1098 1803 1137 1826 se

157 1957 204 1988 90)
225 1956 288 1980 haec
307 1955 400 1988 dicta,]
419 1956 501 1980 Editt.
523 1956 596 1980 5—7.
616 1958 641 1980 t'n
659 1960 729 1981 textu
743 1961 800 1989 poue
825 1957 895 1980 dicta
918 1956 1024 1981 addunt:
1050 1955 1135 1980 Exod.
1161 1921 1165 1982 i

227 1992 267 2015 20.
289 1994 310 2014 et
326 1994 396 2022 post:
416 1991 510 2021 Fugite
535 1990 620 2014 idola:
642 1992 663 2014 l.
685 1990 745 2014 Cor.
767 1991 821 2020 10.;
840 1991 890 2014 Ed.
910 1992 934 2015 4.
960 1994 1085 2022 utrumque
1103 1990 1136 2014 lo.
1162 1988 1165 2028 Ῑ

226 2033 277 2049 cum
296 2025 321 2048 in
339 2033 418 2057 ’παν-9.
438 2025 543 2049 indicat.
1162 2033 1165 2041 ¹

157 2068 202 2100 91)
223 2067 312 2097 Qualis
331 2075 399 2092 nune
418 2072 456 2091 est
474 2067 529 2091 vita
547 2080 579 2084 —
600 2070 625 2090 et
643 2067 785 2100 vanitatis]
805 2067 866 2092 haec
883 2067 944 2091 Mol.
964 2075 1017 2091 cum
1041 2066 1137 2091 duabus

227 2103 307 2126 lituris
330 2102 355 2126 in
378 2110 457 2134 mar-9.
486 2102 585 2134 scripsit
611 2109 659 2133 pro
681 2101 763 2126 verbis
787 2101 818 2126 ab
841 2103 893 2134 ipso
918 2102 1017 2127 deletis:
1041 2102 1137 2125 Totum

226 2138 293 2176 vitae
314 2144 407 2167 genus,
428 2137 506 2175 quale·
522 2144 589 2159 nnnc
609 2139 670 2175 ⁰⁵t’.
686 2137 791 2176 plenum
817 2140 855 2159 est
879 2137 1024 2175 idolo-mm,
1049 2143 1138 2175 super·
1162 2148 1166 2192 Ι

227 2176 374 2200 suetonum,
394 2175 419 2194 et
438 2171 591 2194 manifestae
610 2175 742 2195 vanitatis.
763 2179 826 2203 quae
843 2170 926 2195 soruba
944 2179 969 2194 m
987 2173 1056 2195 textu
1076 2178 1137 2194 ncra-
1163 2195 1166 2202 ,

222 2209 317 2237 patrat.

158 2248 203 2280 92)
224 2249 333 2280 primum
352 2248 511 2279 mandatum]
531 2247 615 2271 scriba
638 2249 787 2279 scripoemt:
810 2248 875 2272 illud
900 2249 1010 2280 primum
1034 2248 1138 2272 manda-

226 2286 294 2311 tum,
314 2282 358 2307 sed
375 2283 436 2307 Mel.
456 2290 537 2306 vocem
555 2282 620 2305 illud
639 2282 716 2306 litura
735 2282 828 2307 delevit.
1164 2297 1166 2313 4

158 2325 421 2384 93J211322313330Ed.
449 2327 472 2349 4.
504 2326 530 2348 in
552 2333 646 2356 τηαν-9.,
675 2326 755 2349 Ed2tt.
784 2325 862 2349 5-7.
886 2326 913 2349 in
935 2328 1004 2349 textu
1031 2324 1138 2349 addunt:

159 2404 204 2434 94)
225 2410 258 2461 erx
277 2402 378 2460 Paplltflb
398 2402 447 2426 Ed.
468 2405 491 2426 4.
515 2403 541 2426 in
560 2410 652 2434 mar-9„
678 2402 759 2427 Editt.
785 2402 861 2427 5-7.
884 2403 910 2426 in
934 2405 1003 2426 textu
1022 2402 1096 2426 add.:
1117 2402 1139 2426 l.

253 2442 315 2460 imot
338 2455 343 2460 .
383 2455 388 2460 .

159 2480 206 2511 95)
226 2487 302 2511 quam
322 2479 407 2510 multil
426 2480 463 2503 cic
482 2480 564 2509 Cod,;
585 2487 653 2504 omn.
674 2480 771 2504 Editt.:
790 2487 867 2511 quam
885 2480 958 2504 multi
978 2486 1039 2503 vero

159 2522 206 2553 96)
227 2522 331 2554 sciunt,l
351 2522 430 2545 Editt.
453 2522 527 2546 1-3.
548 2523 587 2546 8.:
606 2523 698 2546 scimus

160 2564 207 2595 97)
227 2565 323 2622 iugieet
343 2563 416 2596 deus]
443 2566 478 2588 sic
505 2564 571 2588 eod.
595 2569 618 2589 et
641 2565 723 2590 Editt.
750 2567 773 2589 4.
799 2565 839 2593 6.;
865 2568 923 2590 cett.
949 2564 1043 2589 Edita
1068 2564 1140 2589 Deus
1164 2547 1169 2633 Ξ

230 2606 255 2622 iu
276 2603 327 2622 icet

611 137 722 170 PfflL.
745 138 847 170 MEL.
870 138 1057 172 sCfflP'rA
1078 138 1346 171 DOGMA‘rch
1368 138 1424 171 ET
1446 137 1718 171 sYMBoLwA.

2102 142 2168 174 444

1184 233 1311 264 honore
1345 233 1454 264 adfici.
1507 234 1597 264 Haec
1626 234 1736 274 opinio
1764 235 1907 265 taxanda
1936 240 1969 265 et
1998 235 2165 268 hominum

1182 276 1348 306 mentibus
1365 278 1415 312 ⁹0)
1439 274 1611 308 evellenda
1634 283 1703 313 est,
1727 283 1760 307 et
1783 276 1971 308 retrahens-ii
2000 284 2077 309 sunt
2107 278 2165 310 ho-

1184 319 1288 349 mines
1319 318 1361 348 ad
1385 318 1540 350 Mandata
1556 322 1608 357 99)
1637 319 1708 356 dei,
1737 320 1829 350 iuxta
1851 319 1917 351 hoc
1940 321 2074 358 dictum,
2092 323 2165 360 ¹⁰⁰)

1184 360 1324 392 Frustra
1354 360 1467 392 colunt
1498 372 1549 392 me
1577 362 1740 393 mandatis
1769 362 1944 394 hominum.
1990 363 2069 395 ltem
2099 374 2164 396 non

1184 403 1216 434 in
1243 404 1428 444 praeceptis
1452 411 1579 444 patrum
1604 412 1810 442 vestrorum,
1834 406 1892 436 sed
1918 407 1948 436 in
1976 407 2164 448 praeceptis

1183 446 1265 477 meis
1289 445 1470 484 ambulate,
1503 447 1593 478 Haec
1623 448 1859 488 repraehensio
1890 449 1977 480 vitae
2005 448 2165 480 Monasti-

1185 498 1244 519 cae
1266 498 1348 519 vera
1372 496 1403 520 et
1426 488 1562 520 illustris
1587 497 1647 521 est.

1272 531 1348 571 [fol.
1383 532 1481 569 1⁰0³]
1517 532 1583 564 lam
1613 534 1640 564 si
1670 533 1843 574 adfingunt
1876 535 1991 565 merita
2027 541 2059 565 et
2092 545 2165 575 per-

1185 572 1369 611 fectiones,
1401 576 1507 617 magis
1531 577 1729 607 obscuratur
1753 575 1971 618 Euangelium
2001 578 2041 608 de
2072 577 2166 608 lusti-

1185 617 1236 648 cia
1261 616 1346 653 fidei,
1371 624 1403 648 et
1426 619 1513 649 veris
1538 618 1693 656 cultibus,
1724 619 1839 660 ¹)quia
1863 626 1983 650 tetrum
2008 626 2039 650 et
2060 619 2165 651 horri-

1184 658 1250 691 bile
1274 660 1480 692 mendacium
1503 668 1570 699 est,
1593 662 1845 693 obseruationes
1876 663 2080 693 monasticas
2102 672 2166 693 ine-

1185 703 1249 733 reri
1281 704 1511 735 remissionem
1540 710 1770 745 peccatorum,
1802 711 1857 736 aut
1886 705 2079 736 tantundem
2110 715 2166 737 va-

1185 744 1313 782 le1·e‚2›
1348 753 1505 787 quantum
1542 746 1629 777 valet
1665 748 1865 788 baptismus,
1901 749 1988 779 sieut
2021 747 2167 780 Thomas

1185 798 1348 829 expresse
1372 789 1461 821 dicit.
1480 792 1508 826 1)
1555 789 1624 821 Nec
1649 789 1709 821 fuit
1732 791 1845 831 ignota
1874 791 2057 832 antiquitati
2081 790 2167 822 haec

1185 831 1446 871 Repraehensio.
1492 832 1589 863 Extat
1613 833 1696 863 euim
1721 834 1866 864 narratio
1889 843 1948 864 seu
1978 843 2076 871 vera,
2105 844 2167 866 seu

1186 874 1326 905 docendi
1350 884 1463 912 causa,
1488 876 1632 915 scripta,
1655 885 1739 916 quae
1763 882 1872 906 tamen
1897 876 2015 907 iudicia
2039 877 2166 916 piorum

1186 917 1320 948 indicat.
1338 920 1368 952 ³⁵)
1414 918 1569 949 Scribunt
1596 918 1736 948 Antonio
1761 918 1901 958 cupienti
1931 919 2036 956 scire,
2067 929 2166 959 quan-

1187 965 1255 991 tum
1278 961 1366 1001 apud
1389 961 1484 991 deum
1509 961 1708 1001 profecisset
1730 961 1763 991 in
1792 959 1857 992 illis
1887 961 2055 1002 exercitijs
2087 959 2167 992 soli·

1187 1003 1327 1040 tudinis,
1357 1009 1574 1035 monstratam
1602 1013 1679 1035 esse
1709 1003 1841 1035 domum
1871 1005 1995 1035 sutoris
2022 1003 2168 1035 Alexan·

1187 1046 1271 1077 drini
1304 1046 1445 1077 vicinam
1478 1053 1603 1087 portae.
1648 1046 1826 1088 Ingressus
1861 1047 1960 1088 igitur
1988 1045 2168 1088 alloquitur

1187 1095 1314 1129 patrem
1337 1087 1488 1125 fanniiias,
1508 1090 1689 1130 interrogat
1713 1089 1754 1120 de
1778 1090 1929 1120 doctrina
1952 1096 1985 1120 et
2007 1090 2048 1120 de
2071 1099 2167 1120 exer·

1188 1131 1274 1172 citijs
1298 1132 1438 1172 pietatis.
1485 1132 1547 1163 Hic
1571 1138 1661 1163 recte
1685 1133 1725 1163 de
1749 1133 1899 1163 doctrina
1928 1133 2118 1173 respondet,
2135 1134 2168 1168 ⁴)

1186 1181 1305 1215 postea
1338 1174 1383 1205 ait
1417 1184 1455 1206 se
1484 1186 1578 1207 mane
1608 1176 1697 1206 breui
1728 1175 1918 1216 precatione
1948 1175 2010 1205 deo
2040 1176 2167 1216 gratias

1185 1227 1304 1258 agere,
1327 1224 1359 1248 et
1375 1219 1405 1255 ὁ)
1429 1228 1490 1258 pro
1515 1218 1633 1249 ceteris
1664 1217 1854 1259 beneficijs,
1885 1224 1918 1248 et
1947 1218 2036 1259 quod
2065 1216 2168 1249 filiurn

1186 1261 1322 1294 miserit,
1345 1260 1464 1291 deinde
1493 1267 1605 1302 petere
1633 1270 1670 1291 se
1697 1261 1924 1291 remissionem
1957 1266 2167 1300 peccatorum

1189 1302 1266 1342 [fol.
1291 1302 1392 1340 10012]
1418 1309 1553 1344 propter
1584 1303 1686 1334 filium
1716 1310 1749 1334 et
1772 1313 1885 1340 orare,
1917 1308 1952 1333 vt
1981 1301 2168 1334 Ecclesiam

1187 1351 1299 1376 seruet
1328 1351 1361 1376 et
1384 1355 1478 1376 suam
1509 1344 1681 1383 familiam,
1707 1356 1804 1377 orare
1834 1352 1866 1377 et
1894 1344 2013 1383 filium,
2044 1352 2079 1377 vt
2106 1355 2174 1387 pro

1187 1389 1284 1419 nobis
1307 1388 1499 1426 intercedat,
1544 1388 1586 1420 Et
1614 1388 1678 1420 hae
1707 1388 1771 1420 fide
1799 1388 2015 1430 acquiescere
2041 1394 2073 1420 et
2101 1387 2169 1420 lae-

1187 1435 1256 1463 tum
1284 1429 1397 1463 faeere
1429 1431 1631 1463 domesticas
1655 1441 1796 1472 operas,
1828 1438 1861 1462 et
1885 1441 2022 1469 curare,
2052 1437 2087 1462 vt
2110 1429 2168 1473 filij

1188 1480 1280 1506 recte
1303 1474 1496 1505 doceantur.
1527 1475 1600 1506 Non
1624 1473 1706 1513 alia,
1730 1475 1832 1516 inquit
1856 1475 2040 1512 AntoniuS,
2063 1473 2169 1505 habes

1189 1517 1347 1548 exercitia
1381 1518 1532 1549 duriora?
1583 1517 1747 1549 Parumne
1775 1517 1916 1548 sustinet
1946 1515 2088 1554 laboris,
2120 1516 2168 1547 in-

1189 1561 1258 1602 quit
1286 1561 1366 1598 iste,
1396 1562 1451 1602 qui
1480 1559 1623 1592 familiae
1654 1561 1774 1591 vietum
1804 1560 1950 1601 quaerit?
1994 1558 2036 1590 Et
2066 1557 2169 1590 multa

1189 1602 1330 1635 subinde
1351 1604 1516 1642 incidunt,
1540 1613 1625 1645 quae
1648 1608 1772 1644 patrem
1795 1601 1935 1633 familias
1965 1602 2090 1633 duriter
2114 1611 2169 1632 ex·

1190 1646 1348 1685 cruciant,
1371 1646 1413 1678 Et
1435 1647 1597 1678 accedunt
1621 1656 1723 1677 onera
1743 1646 1928 1676 eommunia
1946 1645 2076 1682 ciuium,
2094 1644 2170 1675 Non

1188 1690 1302 1728 vides,
1325 1695 1483 1731 quantum
1511 1690 1553 1720 sit
1583 1690 1785 1731 priuatarum
1813 1694 1846 1719 et
1875 1686 2082 1729 publicarum
2111 1686 2169 1717 mi-

1188 1733 1350 1765 seriarum
1372 1733 1405 1764 in
1425 1733 1504 1771 vita,
1530 1743 1613 1774 quas
1637 1737 1728 1764 recte
1756 1730 1845 1763 ferre
1872 1736 1905 1762 et
1933 1730 1965 1762 in
1996 1730 2048 1761 his
2076 1738 2170 1761 exer-

1188 1786 1267 1807 cere
1285 1775 1383 1806 fidem
1407 1780 1439 1806 et
1460 1776 1661 1817 patientiam,
1680 1775 1764 1806 satis
1779 1776 1812 1812 ὃ)
1835 1774 1952 1805 duram
1968 1775 1998 1811 ⁷)
2021 1771 2169 1804 militiam

1187 1828 1264 1850 esse
1288 1818 1523 1856 existimesw)
1568 1818 1660 1859 Abiit
1683 1817 1847 1848 Antonius
1875 1822 1908 1848 et
1937 1814 2099 1847 intellexit
2129 1825 2168 1846 se

1188 1860 1450 1899 commonesteri,
1474 1872 1516 1892 ne
1541 1860 1619 1901 [sol.
1646 1860 1750 1901 101⁸]
1781 1858 1959 1891 anteferret
1989 1869 2050 1890 sua
2074 1868 2168 1889 exer-

1188 1904 1261 1934 citia
1285 1902 1407 1944 officijs
1431 1904 1517 1935 vitae
1541 1903 1734 1935 eommunis.

1189 2033 1235 2064 98)
1255 2033 1369 2056 taxanda
1386 2037 1412 2057 et
1431 2040 1463 2056 ex
1488 2033 1620 2056 hominum
1644 2031 1785 2063 mentibus]
1809 2032 1846 2056 sic
1869 2030 1951 2061 Cod.;
1976 2037 2045 2056 omn.
2069 2030 2168 2055 Editt..

1258 2068 1370 2090 taxanda
1390 2072 1429 2091 est
1448 2071 1474 2090 et
1492 2067 1627 2091 hominum
1646 2066 1773 2090 mentibus

1189 2110 1235 2141 99)
1255 2109 1389 2142 Mandata]
1411 2110 1491 2134 Editt.
1513 2109 1587 2134 1-3,
1607 2110 1646 2134 8.:
1666 2109 1815 2133 mandatum

1192 2154 1253 2183 100)
1273 2153 1321 2176 hoc
1341 2152 1448 2184 dietum]
1470 2153 1550 2176 Editt.
1571 2152 1646 2176 5—7.
1665 2153 1691 2175 in
1710 2155 1779 2176 textu
1797 2151 1869 2176 adda
1889 2150 1984 2176 Matth.
2009 2150 2063 2180 15.‚
2084 2150 2168 2174 Editt.

1259 2188 1283 2212 2.
1304 2189 1328 2212 4.
1347 2188 1374 2210 in
1391 2195 1472 2219 παι-9.
1493 2186 1593 2212 habent:
1613 2186 1704 2210 Mstth.
1729 2187 1767 2210 17.

1210 2231 1236 2262 l)
1257 2231 1318 2261 quie
1336 2234 1429 2254 tetrum
1449 2234 1474 2253 et
1492 2229 1617 2254 horribile
1636 2242 1668 2247 -
1687 2241 1720 2246 —
1739 2235 1859 2259 expresse
1879 2226 1963 2259 dicit]
1984 2227 2044 2252 baec
2061 2227 2123 2251 Mol.
2143 2227 2171 2250 in

1259 2273 1336 2296 ηιανφ
1356 2273 1408 2288 cum
1427 2263 1522 2288 duabus
1539 2264 1622 2288 lituris
1640 2262 1781 2294 adm-speie.

1164 2315 1167 2326 ι
1208 2308 1236 2339 2)
1256 2308 1353 2339 valere]
1373 2308 1452 2331 Editt.
1475 2309 1497 2332 1.
1519 2308 1541 2331 2.
1563 2308 1602 2331 8.:
1621 2306 1709 2330 ualent

1208 2350 1237 2381 3)
1257 2350 1374 2408 ὶὲιάἰεειε]
1393 2351 1431 2374 sic
1448 2350 1512 2374 Mel.
1532 2349 1666 2375 emendavit
1688 2348 1793 2377 formam
1815 2356 1832 2371 α
1856 2346 1941 2372 ncriba
1965 2350 2109 2373 exaratam:
2133 2347 2172 2372 in-

1279 2386 1357 2409 icant.

1208 2428 1238 2459 4)
1258 2427 1416 2459 respondet,]
1435 2428 1471 2452 tic
1488 2426 1553 2451 Cod.
1568 2430 1591 2452 et
1604 2426 1684 2450 Editt.
1698 2424 1772 2449 1—3.
1785 2426 1821 2454 8,;
1842 2428 1900 2448 cett.
1914 2424 2008 2449 Editt.:
2028 2424 2171 2456 respondit,

1209 2470 1238 2501 5)
1258 2470 1293 2502 et]
1315 2469 1378 2495 hane
1395 2479 1476 2496 vocem
1494 2469 1557 2495 Mel.
1577 2470 1654 2502 nuprd
1673 2468 1761 2493 lineam
1780 2467 1886 2492 addidit.

1209 2513 1238 2541 6)
1258 2512 1329 2545 satis]
1349 2514 1386 2537 sic
1404 2513 1470 2538 Cod.
1491 2517 1511 2537 et
1532 2513 1611 2537 Editt.
1634 2511 1709 2536 1-3,
1729 2512 1766 2539 8.;
1788 2514 1847 2535 cett.
1869 2509 1963 2535 Editt.:
1983 2511 2080 2534 vitiano

1210 2557 1239 2587 Ἰ)
1259 2556 1360 2587 duram]
1379 2557 1427 2580 Ed.
1447 2556 1471 2580 5.
1490 2559 1542 2588 typ.
1562 2563 1625 2580 ern:
1645 2555 1737 2579 durum

1211 2600 1239 2630 8)
1260 2600 1393 2623 existimes
1401 2600 1423 2631 Ρ]
1443 2599 1491 2622 Ed.
1509 2599 1550 2624 6.:
1569 2597 1716 2623 existiman?
