2299 2921
129 127 194 160 373
629 124 682 155 111.

130 221 278 254 homines
301 224 460 261 perpetuo
473 218 634 256 dubitare,
655 218 708 248 An
727 218 868 248 habeant
881 218 1107 249 remissionem
1131 221 1134 250 ῑ

128 269 342 306 peccatorum
366 269 397 294 et
410 261 464 292 An
486 260 641 302 placeant
652 259 738 291 Deo.
775 260 836 291 Hic
856 261 898 292 de
922 260 1107 292 Mediatore
1131 255 1134 304 ξ

129 306 197 339 filio
211 306 272 338 Dei
295 312 326 337 et
349 305 389 336 de
401 305 466 335 fide
489 304 672 344 accipiente
684 303 859 345 gratuitam
879 304 1107 335 remissionem

128 355 344 392 peccatorum
370 354 402 379 et
432 348 646 381 vincenteffi)
682 346 915 378 dubitationem
943 345 1107 378 silentium

130 398 182 424 est
204 394 236 424 in
259 391 523 423 aduersariorum
546 389 690 430 scriptis.

219 438 225 472 Ι
237 434 294 472 fol.
318 433 388 472 6³]
435 433 474 463 Hi
498 442 630 463 errores
653 441 791 472 prorsus
816 431 955 462 Ethnica
979 433 1108 463 somnia

130 483 218 516 sunt,
232 483 264 509 et
276 475 537 516 complectuntur
553 474 641 506 aliud
664 485 816 515 magnum
830 475 934 505 chaos
947 485 1106 506 errorum.

130 520 273 562 Fingunt
297 519 563 560 deprauationem
586 519 618 548 in
641 523 757 549 natura
780 517 996 555 humana‚¹0)
1022 528 1107 559 quae

130 564 317 595 nominatur
340 561 424 593 mala
440 561 718 602 concupiscentia,
742 570 806 591 nou
826 570 903 591 esse
922 567 1107 601 peccatum,

131 607 165 639 id
185 612 235 637 est
258 616 323 637 non
349 615 423 636 esse
446 603 565 635 malum
588 613 740 645 pugnans
764 613 837 634 cum
861 602 936 644 lege
955 604 1018 641 dei,
1048 603 1107 634 fin-

132 655 215 691 gunt
238 649 467 684 obedientiam,
480 657 564 688 quae
588 646 749 687 praestari
769 652 878 687 potest
897 647 929 677 in
942 647 1005 677 hac
1028 647 1107 684 vita,

132 702 210 724 esse
240 690 459 732 impletionem
482 688 566 731 legis
596 695 627 720 et
650 689 813 720 hominem
837 689 900 720 hac
923 688 1108 730 impletione

131 735 217 776 legis
242 744 353 766 coram
376 734 437 764 deo
460 733 580 763 iustum
604 742 689 763 esse.
883 770 888 776 .

219 776 341 807 Postea
364 777 396 806 in
416 776 565 806 doctrina
587 775 809 816 poenitentiae
833 774 998 806 finxerunt
1022 775 1109 805 inex-

130 818 290 851 tricabilia
320 817 545 856 deliramenta,
575 825 733 859 oportere
762 818 990 849 contritionem
1019 816 1108 849 suffi-

132 863 271 894 cientem
296 871 384 898 esse,
408 860 448 891 Et
471 861 558 892 hanc
581 861 698 893 mereri
723 861 869 903 gratiam.

217 904 270 936 De
293 903 505 936 confessione
527 904 677 945 flagitant
701 904 976 935 enumerationem
1001 903 1110 944 singu-

130 947 239 980 lorum
252 946 446 978 delictorum
465 957 551 988 quae
563 953 614 978 est
631 946 822 978 carnificina
836 946 1110 977 conscientiarum

131 991 312 1032 impediens
336 990 433 1022 fidem
457 996 488 1021 et
506 990 758 1029 inuocationem.
984 1031 991 1038 ι

219 1033 298 1073 [fol.
322 1032 393 1071 6¹⁷]
438 1033 565 1064 Nomen
600 1031 871 1064 Satissactionum
893 1041 959 1062 non
984 1029 1109 1076 intelle-

132 1083 220 1108 ctum
235 1075 320 1106 falso
335 1075 573 1106 transtulerunt
585 1076 627 1106 ad
648 1075 934 1114 compensationes
958 1084 1018 1114 pro
1037 1083 1111 1114 pec-v

133 1120 217 1150 catis
241 1124 274 1150 et
298 1119 462 1149 finxerunt
486 1128 588 1159 opera
612 1128 676 1148 non
691 1118 802 1148 debita
826 1116 933 1148 cultus
947 1117 999 1147 dei
1023 1126 1110 1155 esse,
1132 1113 1136 1154 l

131 1168 165 1194 et
188 1161 487 1202 compensationes.
535 1160 658 1191 Postea
683 1170 736 1190 res
760 1160 800 1190 ad
832 1166 982 1201 questum
1006 1166 1111 1190 traus-

131 1204 200 1236 lata
225 1211 287 1235 est.
322 1203 538 1244 Excogitatae
552 1209 627 1235 sunt
650 1202 875 1244 Indulgentiae
899 1213 940 1233 ne
964 1203 1006 1233 ab
1031 1203 1111 1244 ipsis

132 1248 263 1289 quidem
286 1245 483 1284 intellectae,
509 1247 563 1287 qui
583 1244 717 1277 venales
742 1244 1027 1277 circumferebant.
1070 1245 1111 1287 Et
1136 1268 1138 1282 ‚

131 1290 195 1321 hae
229 1290 409 1330 prestigiae
444 1290 668 1320 obscurabant
692 1289 873 1320 doctrinam
898 1289 938 1319 de
958 1287 1024 1319 filio
1048 1289 1112 1326 dei,

133 1376 223 1407 veris
247 1373 401 1406 cultibus.

218 1425 298 1456 Erat
332 1426 445 1467 ignota
479 1430 548 1456 tota
583 1424 665 1456 haec
699 1423 883 1456 consolatio
917 1426 1139 1463 necessaria3

134 1468 285 1500 omnibus
310 1468 475 1509 quomodo
493 1478 676 1499 conuersus
700 1468 741 1498 ad
755 1468 859 1504 deum,
883 1468 924 1498 sit
942 1468 1046 1499 iustus
1060 1470 1112 1505 ²⁰)

133 1517 165 1542 et
189 1509 317 1551 placeat
337 1511 410 1541 deo.
447 1510 519 1545 Qua
544 1511 583 1541 de
608 1521 643 1541 re
667 1512 697 1541 in
723 1511 854 1551 scriptis
874 1510 1111 1542 monachorum

132 1553 287 1595 leguntur
317 1558 440 1583 tantum
464 1553 671 1593 pharisaicae
691 1554 873 1593 opiniones
911 1553 981 1585 Nec
1005 1560 1112 1585 osten-

133 1597 219 1627 ditur
242 1596 417 1627 discrimen
442 1595 605 1633 Iustitiae,
631 1596 720 1627 Fidei
745 1602 778 1626 et
798 1595 1002 1637 disciplinae.

726 123 955 155 REPETITIO
979 123 1299 156 CONFESSIONIS
1320 123 1635 157 AUGUSTANAE.

225 1649 277 1684 21)
301 1646 478 1678 Praeterea
512 1648 544 1677 in
575 1646 685 1678 multis
721 1648 911 1689 regionibus
935 1654 990 1679 aut
1013 1647 1111 1679 silent

134 1690 311 1722 conciones
335 1688 404 1721 fere
428 1695 497 1721 toto
521 1700 619 1725 annu,
642 1696 698 1722 aut
722 1691 750 1721 si
775 1701 860 1732 quae
883 1690 976 1728 fiunt,
994 1689 1110 1731 plenae

133 1739 211 1765 sunt
244 1733 415 1770 vanitatis,
449 1743 515 1763 non
545 1734 629 1764 enim
664 1734 832 1765 continent
861 1734 1043 1765 doctrinam
1070 1734 1110 1765 de

132 1775 304 1816 beneficijs
335 1775 391 1815 filij
422 1776 490 1812 dei,
517 1777 577 1807 sed
608 1777 731 1807 indocti
759 1777 900 1807 recitant
935 1775 1109 1808 fabulosas

134 1819 291 1850 historias
314 1819 354 1849 de
381 1820 517 1857 sanctiS,
547 1825 602 1850 aut
625 1820 883 1860 supersticiosas
907 1820 1021 1851 nenias
1048 1826 1110 1851 tra·

134 1862 291 1893 ditionum
312 1864 439 1897 etc.‘-‘'-')
465 1862 633 1893 doctiores
658 1868 825 1894 ostentant
853 1861 1110 1904 philosophiam.

133 1905 231 1935 Nunc
244 1905 385 1944 vti-ique,
408 1904 495 1934 docti
521 1911 553 1935 et
577 1905 710 1943 indocti,
734 1911 859 1937 tantum
884 1906 1110 1938 conviciantur

134 1946 337 1978 Lutheranis
367 1953 397 1977 et
427 1947 584 1978 damnant
607 1948 783 1990 incognita.
800 1951 852 1986 ²¹)

134 2110 180 2139 18)
201 2109 328 2140 vincente]
355 2109 437 2133 scriba
461 2110 607 2142 scripserat:
638 2111 796 2140 vincentem,
821 2111 882 2135 Mel.
907 2110 952 2135 hoc
977 2112 1110 2137 emendavit

204 2144 281 2168 deleta
301 2144 384 2167 littera
403 2152 435 2167 m.

136 2187 180 2218 19)
200 2188 224 2210 111
245 2190 337 2209 natura
356 2186 487 2219 humana,]
508 2187 590 2210 Editt.
613 2188 685 2211 1—3.
707 2189 744 2212 8.:
764 2190 790 2212 in
809 2188 920 2212 humana
940 2193 1041 2219 natura,

134 2230 180 2260 20)
199 2230 231 2252 sit
249 2229 343 2260 iustus]
363 2228 422 2253 llaec
440 2229 515 2254 verba
534 2229 595 2252 Mel.
616 2229 637 2253 Ιι.
658 2230 672 2254 ί,
694 2232 719 2254 iu
736 2232 848 2262 mczryz'ne
866 2232 1006 2264 adscripsit.

135 2272 180 2303 21)
200 2272 342 2295 Praeterea
360 2274 384 2295 in
405 2273 489 2295 multis
511 2286 539 2290 -
559 2287 592 2290 -
611 2277 636 2295 et
655 2275 776 2297 damnant
794 2274 949 2307 incognita]
969 2274 1029 2299 haec
1046 2275 1108 2300 Mel.
1135 2274 1136 2291 l

203 2306 227 2329 in
246 2307 356 2337 moryine
375 2307 493 2335 inferiore
503 2307 565 2337 solii
585 2307 614 2330 6¹·
636 2312 657 2331 e!
677 2308 747 2338 (iude
765 2317 780 2331 (ι
801 2308 893 2332 verbis:
915 2309 1057 2333 doctrinam
1078 2311 1109 2333 de
1134 2321 1136 2333 ι

204 2340 348 2371 beneficijs)
372 2341 431 2369 folii
461 2342 489 2365 ’ΖΛ
514 2341 662 2373 adscripsit,
689 2351 733 2373 pro
756 2350 802 2366 sua
832 2344 1004 2369 consuetudine
1029 2345 1106 2376 (conf.

203 2373 261 2397 Vol.
283 2374 397 2398 XXVII.
417 2383 440 2406 p.
452 2375 500 2398 271
514 2376 594 2406 sqqi).
617 2384 669 2399 cum
686 2376 799 2408 pluribus
817 2378 907 2406 muris,
927 2386 946 2402 e.
966 2385 986 2402 c.
1005 2387 1050 2410 pro
1069 2386 1109 2402 re·
1134 2379 1136 2389 *

204 2409 322 2437 gionibus
339 2409 442 2441 primum
453 2411 599 2441 scripserat:
619 2411 692 2441 locis,
704 2411 747 2435 sed
765 2411 808 2434 hoe·
820 2412 887 2437 illico
899 2412 975 2436 litura
988 2413 1075 2437 delevit
1087 2418 1108 2438 et

202 2443 227 2465 in
247 2442 328 2466 eadem
347 2443 410 2467 linea
428 2444 539 2476 deinceps
557 2446 668 2477 scripsit:
688 2446 854 2476 regionibus,
874 2446 954 2470 eodem
972 2447 1040 2471 modo
1060 2456 1108 2480 pro

203 2480 334 2500 ostentant
349 2478 454 2509 primum
472 2480 620 2510 scripserat:
640 2481 786 2505 ostendunt.

135 2519 181 2549 22)
201 2518 247 2550 &c]
267 2520 302 2543 sic
322 2519 382 2544 Mel.
403 2521 515 2552 scripsin
541 2521 621 2546 Editt.
643 2524 717 2547 1—3.
737 2524 776 2552 8.,
802 2523 846 2552 R,
870 2524 902 2547 H⁴
929 2523 1030 2548 habent:
1057 2529 1109 2549 tra-
1134 2534 1136 2538 ’

203 2554 338 2581 ditionum,
358 2558 383 2578 et
401 2555 547 2584 ἀπύω-ες,-
567 2561 627 2580 cett.
647 2558 742 2581 Eunu:
763 2558 943 2588 traditionum,
962 2559 1108 2590 doctiores,·
1134 2584 1136 2593 ‚

203 2587 248 2612 8.:
268 2589 444 2613 traditionum.
480 2589 619 2615 Doctiores

2073 128 2139 159 374

1247 217 1326 257 [fol.
1350 218 1419 257 7³]
1464 217 1642 250 Praeterea
1661 219 1850 251 intueantur
1868 219 1955 251 oculi
1978 231 2029 259 ea,
2052 233 2140 264 quae

1160 260 1242 292 fiunt
1265 263 1297 291 in
1320 261 1466 302 ipsorum
1489 261 1632 302 templiS‚
1646 261 1764 294 Omnia
1787 262 1884 304 plena
1906 269 1983 294 sunt
2006 265 2139 297 11111003-

1160 304 1248 334 tione
1270 310 1471 335 mortuorum
1490 303 1667 336 hominum.
1680 307 1733 341 ¹2³)
1758 305 1792 336 ln
1811 304 1920 337 multis
1932 304 2016 337 locis
2029 308 2139 340 adhuc

1159 347 1317 388 prostrati
1350 347 1393 378 ad
1426 353 1555 378 statuas
1580 348 1735 379 inuocant
1764 347 1820 390 alij
1851 347 1917 380 alia
1939 351 2083 389 numina,
2107 357 2140 383 et

1160 388 1235 430 alijs
1271 390 1312 420 de
1345 391 1473 429 causis,
1502 391 1544 421 ab
1577 390 1675 421 Anna
1706 396 1860 432 petuntur
1887 392 2032 430 diuitiae,
2056 400 2091 424 vt
2120 404 2141 425 a

1161 432 1302 470 lunone,
1324 443 1344 463 a
1377 433 1523 475 Georgio
1551 433 1726 471 victoriae,
1749 441 1783 465 vt
1804 445 1824 465 a
1847 434 1972 472 Marte,
1999 435 2053 467 Ab
2078 436 2141 467 Vr-

1162 476 1247 505 bano
1271 475 1390 506 Vinum
1413 482 1447 507 vt
1470 487 1490 506 a
1511 475 1647 508 Baccho
1659 479 1711 514 ²⁴)
1735 477 1877 519 denique
1900 478 1941 508 ab
1966 476 2040 520 alijs
2064 477 2139 511 alia.

1160 518 1201 548 Hi
1230 516 1361 549 furores
1392 517 1565 550 manifeste
1593 519 1825 551 contumeliosi
1850 527 1927 552 sunt
1958 524 2140 560 contin-³12⁵)

1162 560 1270 592 deum.

1226 634 1229 637 K
1247 602 1411 638 Quantum
1435 603 1627 636 manifestae
1646 606 1854 646 turpitudinis
1877 607 1981 638 oritur
2003 617 2043 638 ex
2066 607 2143 649 lege

1160 646 1201 676 de
1225 645 1378 678 celibatu.
1414 646 1519 681 Quam
1542 647 1634 679 multi
1646 647 1796 679 homines
1821 655 1866 680 tot
1879 649 2004 680 seculis
2017 649 2141 692 alioqui

1160 695 1308 719 amantes
1336 690 1500 727 virtutem,
1526 689 1644 731 polluti
1673 696 1751 722 sunt
1786 691 1961 723 horrendis
1992 694 2141 734 peccatis

1160 737 1294 771 propter
1321 731 1386 763 hoc
1417 732 1594 771 vinculum,
1618 734 1674 775 qui
1698 735 1828 766 tandem
1852 736 2085 777 desperatione
2107 742 2140 768 et

1161 775 1302 805 aeternis
1322 775 1436 815 poenis
1461 777 1614 817 oppressi
1638 783 1724 808 sunt.

1246 817 1323 848 Vita
1357 819 1539 850 monastica
1573 818 1671 859 plena
1701 826 1752 850 est
1784 818 1942 852 falsarum
1967 822 2044 860 [fol.
2070 822 2143 862 7‘1]

1161 859 1351 900 opinionum
1364 866 1396 890 et
1409 862 1696 900 supersticionum.
1726 862 1768 893 Et
1791 862 1912 894 multae
1924 865 2032 896 bonae
2056 875 2144 896 men-

1161 907 1212 932 tes
1235 904 1429 943 pereuntibi
1453 904 1648 944 ignorantes
1663 905 1890 947 Euangelium,
1913 913 1945 938 et
1968 906 2144 948 implicitae

1161 943 1288 986 laqueis
1319 944 1492 977 stultarum
1516 954 1548 977 et
1571 948 1742 988 impiarum
1771 950 1992 981 traditionum.
2039 951 2086 982 lta
2110 957 2143 982 et

1162 988 1194 1018 in
1217 986 1343 1029 reliqua
1365 988 1519 1020 Ecclesia
1542 989 1664 1022 multae
1688 989 1794 1022 falsae
1821 993 1992 1033 opiniones
2018 993 2059 1025 de
2082 993 2144 1025 hu-

1161 1031 1266 1061 manis
1299 1031 1529 1063 traditionibus
1563 1044 1583 1063 a
1612 1034 1783 1065 monachis
1813 1042 1845 1066 et
1869 1041 1977 1073 antea,
2003 1046 2142 1077 sparsae

1161 1075 1314 1111 sunt‚‘³⁶)
1338 1084 1422 1115 quae
1446 1074 1555 1112 fidem,
1575 1076 1828 1115 inuocationeiii,
1844 1080 1896 1113 ²⁷)
1921 1080 2017 1113 et‘23)
2043 1089 2142 1111 veros

1162 1115 1271 1147 cultus
1295 1115 1378 1147 alios
1402 1128 1422 1148 a
1445 1118 1506 1148 deo
1531 1120 1703 1150 mandatos
1729 1119 2004 1152 obscurauerunt.

1248 1159 1284 1190 In
1311 1159 1438 1200 templis
1461 1162 1557 1192 etiam
1581 1161 1689 1202 palam
1714 1163 1859 1194 cernitur
1872 1162 2044 1204 multiplex
2069 1175 2142 1205 pru-

1162 1201 1316 1243 phanatio
1352 1213 1476 1234 coenae
1510 1205 1642 1243 domini9
1676 1215 1771 1246 quan:
1802 1216 1927 1237 summa
1956 1209 2143 1239 reuerentia

1163 1245 1383 1276 administrari
1406 1248 1562 1288 oportuit.
1618 1247 1749 1289 Legunt
1783 1247 1905 1279 Missas
1940 1256 1973 1281 et
2002 1250 2144 1282 offerunt

1137 1294 1197 1329 ¹ut
1228 1287 1417 1330 loquuntur,
1451 1290 1580 1331 plurimi
1613 1290 1790 1322 sacrificuli
1820 1295 2024 1332 prorsusffi)
2049 1294 2142 1335 igno-

133 1334 174 1364 de
206 1342 285 1363 vera
317 1333 548 1369 conuersione,
578 1332 618 1362 ‹le
643 1331 722 1369 fide,
753 1332 794 1362 de
822 1332 1048 1370 inuocatione,
1072 1331 1113 1362 de
1137 1339 1139 1348 ³

1162 1337 1274 1363 rantes
1299 1332 1375 1373 quid
1398 1339 1509 1374 agant.
1556 1333 1696 1365 Tantum
1721 1336 1950 1366 consuetudini
1975 1337 2142 1378 obtempe-

1163 1381 1248 1411 rant,
1281 1381 1337 1405 aut
1367 1376 1515 1407 seruiunt
1549 1378 1663 1408 ventri.
1721 1377 1788 1419 Alij
1824 1379 2054 1419 supersticiosi
2088 1380 2143 1421 qui

1162 1416 1237 1458 plus
1263 1418 1411 1460 cogitant
1436 1419 1507 1457 lfol.
1531 1419 1600 1458 8³]
1633 1420 1674 1451 de
1703 1419 1768 1451 hoc
1792 1430 1853 1452 suo
1877 1432 1994 1462 opere,
2017 1421 2145 1464 fingunt

1164 1470 1201 1490 se
1240 1471 1323 1500 opus
1358 1460 1471 1493 facere
1500 1463 1559 1493 toti
1594 1462 1767 1495 Ecclesiae
1796 1465 2033 1503 necessarimm
2056 1466 2144 1507 quod

1164 1509 1328 1535 mereatur
1350 1502 1482 1535 facienti
1505 1512 1538 1536 et
1561 1505 1634 1547 alijs
1664 1507 1890 1538 remissionem
1920 1514 2144 1548 peccatorum.

1164 1545 1288 1577 Postea
1312 1546 1346 1577 sit
1369 1548 1542 1588 aucupium
1566 1548 1696 1580 maximi
1714 1556 1864 1590 questus,
1887 1550 1967 1582 fiunt
1980 1551 2146 1583 sacrificia

1163 1599 1223 1630 pro
1247 1591 1394 1620 mortuis.
1426 1590 1466 1621 Et
1488 1591 1610 1631 templa
1634 1592 1739 1633 magis
1763 1599 1926 1633 occupata
1950 1601 2026 1625 sunt
2049 1593 2143 1626 fune-

1163 1642 1234 1662 rum
1263 1633 1461 1675 ceremonijs
1491 1644 1587 1675 quain
1616 1645 1700 1666 voce
1732 1636 1940 1674 concionum,
1969 1643 2026 1669 aut
2050 1647 2145 1669 exer-

1163 1674 1247 1716 citijs
1271 1675 1457 1707 viuentium.

1252 1726 1323 1758 Nec
1357 1726 1501 1768 populus
1534 1734 1623 1759 recte
1656 1729 1792 1761 docetur
1820 1730 1908 1771 apud
1931 1731 2144 1763 aduersarios

1164 1769 1205 1799 de
1228 1780 1289 1800 vsu
1305 1769 1523 1809 Sacramenti,
1546 1771 1623 1812 quia
1646 1772 1768 1803 docent
1791 1772 1953 1811 monachi,
1975 1780 2144 1806 sumentes

1164 1823 1205 1843 ex
1219 1823 1319 1852 opere
1333 1820 1482 1853 operato,
1506 1820 1540 1845 vt
1552 1813 1731 1855 loquuntur
1742 1817 1896 1856 accipere
1914 1818 2144 1850 remissionem

1163 1862 1387 1896 peccatorum.
1422 1856 1463 1887 Et
1487 1867 1552 1888 vna
1573 1868 1651 1898 pars
1663 1859 1860 1890 sacramenti
1886 1859 2009 1900 populo
2032 1861 2145 1893 adimi-

1163 1904 1227 1936 tur,
1252 1897 1367 1930 Altera
1389 1910 1467 1941 pars
1491 1901 1590 1931 etiam
1613 1907 1708 1932 extra
1743 1911 1838 1933 vsum
1861 1902 2048 1935 institutum
2083 1905 2145 1936 cir-

1165 2029 1210 2059 23)
1230 2033 1390 2052 mortuorum
1410 2029 1657 2061 hominum.]Editt.
1673 2031 1746 2055 1-3,
1767 2032 1803 2055 8.:
1824 2031 1957 2056 hominum
1973 2038 2142 2059 mortuorum.

1165 2071 1210 2103 24)
1231 2072 1272 2095 Ab
1298 2072 1406 2096 Vrbano
1432 2073 1525 2096 Vinum
1550 2076 1576 2095 vt
1599 2081 1615 2096 a
1638 2072 1755 2105 Baccho]
1780 2073 1852 2103 haec,
1881 2083 1943 2107 quae
1970 2075 2002 2100 ab
2021 2077 2141 2101 omnibus

1233 2106 1314 2131 Editt.
1340 2106 1442 2136 absunt,
1467 2108 1493 2130 in
1517 2108 1628 2138 maryine
1651 2108 1716 2131 Cod.
1742 2108 1869 2141 adscripta
1894 2117 1957 2139 esse,
1977 2110 2023 2141 B.,
2042 2111 2085 2140 R,
2106 2112 2139 2136 H.

1233 2145 1378 2167 memorant.
1399 2142 1431 2165 Η,
1452 2141 1568 2165 adnatat:
1590 2142 1681 2172 „(abcr
1697 2143 1828 2167 nichtvon
1840 2144 2019 2169 Melanchtons
2031 2146 2139 2177 Haud)“

1164 2183 1209 2212 25)
1231 2184 1331 2215 contra]
1352 2184 1430 2208 Editt.
1453 2183 1525 2207 1-3.
1545 2186 1580 2208 8.:
1600 2185 1723 2209 aduersus

1164 2225 1210 2257 26)
1230 2230 1254 2249 et
1273 2231 1362 2256 antea,
1382 2235 1487 2258 sparsae
1505 2227 1585 2259 sunt,]
1605 2229 1640 2252 sic
1659 2228 1741 2258 Cod.;
1761 2229 1842 2253 Editt.
1866 2230 1940 2255 1-3.
1959 2231 1998 2256 8,;
2023 2235 2048 2254 et
2066 2235 2142 2255 antea

1231 2268 1336 2291 sparsae
1355 2266 1426 2290 sunt⁷
1446 2262 1527 2285 Editt.
1547 2264 1636 2286 4—-7,:
1657 2267 1681 2286 et
1699 2271 1803 2294 sparsae
1822 2269 1880 2288 sunt
1898 2269 1983 2294 antea,
2004 2269 2028 2288 et
2048 2266 2140 2289 confir-

1230 2300 1379 2325 manorum,
1401 2296 1542 2327 Chytraeus
1560 2296 1646 2321 habet:
1667 2302 1692 2320 et
1709 2305 1812 2328 spat->ae
1837 2304 1897 2322 sunt.
1921 2304 1999 2324 antea
2023 2304 2048 2323 et
2073 2308 2141 2324 nunc

1231 2330 1427 2359 confirmantur,
1447 2331 1567 2354 'hves-ten
1589 2332 1744 2363 (quamquam
1762 2334 1787 2355 in
1811 2332 1869 2356 libri
1887 2342 1963 2365 supra
1986 2343 2009 2366 p.
2036 2334 2083 2358 361
2106 2343 2140 2366 31].

1230 2365 1343 2388 recensiti
1359 2366 1514 2396 praefatione
1528 2374 1554 2397 p,
1569 2365 1637 2389 VIII,
1658 2367 1742 2398 reffert,
1762 2367 1950 2398 Repetitionem
1971 2369 2048 2392 Conf.
2070 2370 2139 2400 Aug.

1229 2399 1255 2421 in
1273 2398 1316 2422 lwc
1334 2399 1397 2423 libro
1416 2408 1446 2424 ez
1464 2400 1493 2424 P.
1515 2401 1534 2423 1.
1555 2398 1665 2431 Operum
1687 2401 1746 2424 Mel.
1773 2402 1906 2426 Witteinb.
1930 2402 2004 2428 1562.
2023 2403 2080 2428 Fol.
2100 2412 2139 2428 re-

1229 2440 1310 2456 cusam
1330 2436 1393 2464 esse)
1413 2433 1435 2458 h.
1454 2435 1470 2458 I.
1491 2433 1596 2459 exhibet:
1618 2442 1722 2465 sparsae
1746 2440 1804 2459 sunt
1823 2441 1898 2460 antea
1918 2441 1943 2460 et
1962 2438 2138 2468 confirmatae,

1161 2475 1206 2505 27)
1226 2476 1440 2510 inuocationem‚]
1460 2477 1540 2501 Editt.
1564 2478 1636 2501 1-—3.
1657 2479 1695 2501 8.:
1716 2482 1740 2501 et
1758 2479 1952 2503 inuocatiouem

1161 2518 1207 2549 28)
1228 2518 1264 2551 et]
1283 2519 1367 2543 scriba
1386 2521 1534 2551 scripserat:
1554 2524 1594 2549 vt,
1619 2521 1684 2552 quod
1704 2520 1766 2545 Mel.
1792 2522 1880 2546 delevit
1905 2526 1926 2546 er
1950 2525 2136 2556 superscripsit:

1230 2557 1266 2582 et,
1286 2555 1322 2577 sie
1340 2555 1413 2578 etiam
1432 2562 1521 2578 omnes
1541 2554 1621 2579 Editt.

1160 2595 1207 2626 29)
1227 2595 1344 2629 prorsus]
1363 2597 1394 2621 ab
1413 2597 1491 2622 Editt.
1512 2598 1586 2622 1—3.
1606 2598 1630 2622 8.
1649 2598 1726 2624 abest.

1879 2652 1930 2674 24⁸
