2299 2921
177 239 275 278 April.

179 367 248 397 Mai.

180 665 244 695 Iun.

178 792 234 820 Iul.

179 921 256 957 Aug.

177 1089 259 1128 Sept.

175 1260 239 1290 Oct.

174 1475 204 1504 N
206 1485 252 1504 ον.

173 1560 246 1591 Dec.

174 1902 235 1932 lan.

170 2199 256 2228 Febr.

169 2412 254 2441 Mart.

956 144 981 175 1.
1026 142 1236 175 ANNALES
1267 142 1411 175 VtTAE.
2143 148 2189 180 46

369 238 416 266 De
439 236 607 266 Saxonibus
628 242 656 265 et
678 237 810 266 Misnicis
833 239 870 267 ad
892 236 935 267 Io.
959 236 1097 267 Hessum.

369 281 497 309 Fuchsio
518 280 633 308 medico
656 280 770 315 scribit,
794 289 825 309 se
848 282 997 319 physicam
1021 281 1213 317 conscribere,
1235 286 1264 309 et
1282 285 1393 318 partem
1412 282 1509 318 operis
1527 281 1585 310 iam
1603 281 1770 319 perfecisse,
1792 283 1843 311 sed
1861 288 1970 320 petere,
1991 288 2023 312 ut
2041 282 2186 314 Fuehsius

402 324 514 351 inserat
536 321 713 360 ἄνατομίαν,
736 324 861 360 partium
885 329 1014 359 naturas,
1038 325 1192 352 varietates
1214 328 1509 361 temperamentorum
1533 329 1586 353 etc.

337 390 344 396 ,
367 365 499 403 Lipsiam
520 365 712 402 proficiscitur
734 370 851 394 acturus
875 376 938 395 cum
961 367 1101 402 Vehusio,
1125 365 1272 402 Tiirckio,
1300 367 1432 404 Pflugio,
1463 365 1639 396 Carlowieio
1669 367 1706 396 de
1734 368 1924 397 conciliandis
1952 369 2187 399 Protestantibus

403 412 432 436 et
454 407 622 437 Catholicis.

340 471 346 478 .
370 451 437 479 Mel.
463 456 492 478 et
513 450 667 479 Pontanus
690 450 820 488 Principi
845 452 938 479 Elect.
961 452 1098 487 scribunt,
1121 452 1190 489 quid
1211 452 1331 490 Lipsiae
1354 452 1466 489 egerint
1487 461 1551 480 cum
1574 452 1677 490 legatis
1700 453 1880 490 Moguntinis
1904 459 1933 482 et
1954 453 2114 484 Hessiacis.

366 494 434 521 Mel.
458 494 583 521 redierat
605 493 802 530 Vitebergam.

366 537 520 574 Philippus
543 535 710 573 Landgrav.
734 535 823 564 Hass.
847 546 910 564 cum
936 538 1066 565 exercitu
1088 538 1178 566 intrat
1208 542 1298 566 terras
1323 535 1535 575 Wiirtemberg.
1566 543 1593 566 et
1621 543 1738 576 postero
1761 539 1807 567 die
1829 539 1924 567 fundit
1954 540 2054 578 copias
2082 540 2186 570 Ferdi·

402 580 491 607 nandi
512 578 602 616 Regis
623 588 715 616 prope
738 577 910 608 Laufenum.

338 643 345 649 .
368 622 436 650 Mel.
459 622 626 650 consolatur
648 621 829 650 Ioachimum
848 622 1051 657 Anhaltinum,
1075 623 1191 651 tristitia
1214 622 1303 650 animi
1326 621 1472 652 affectum.

339 685 346 692 .
370 662 531 693 Consilium
555 665 590 692 de
613 662 783 692 Camerario
807 665 995 702 Vitebergam
1020 666 1151 694 vocando
1174 666 1277 693 iterum
1300 666 1406 694 abiicit.

369 707 524 735 Claudium
548 707 721 735 Baduellum
746 709 929 736 commendat
952 708 1083 745 Reginae
1105 708 1266 736 Navarrae.

338 771 344 777 .
367 750 540 778 Transactio
562 750 639 778 inter
660 750 685 777 F
688 750 879 778 erdinandum
903 760 1000 788 regem
1026 756 1053 778 et
1074 751 1115 779 Io.
1140 751 1330 786 Fridericum⁷
1353 750 1467 779 Ducem
1491 750 1561 780 Sax.
1580 752 1683 788 Elect.,
1701 753 1730 781 in
1750 754 1858 792 oppido
1876 753 2035 783 Bohemiae
2053 753 2182 784 Caaden.

368 792 494 821 Ioannes
517 803 535 820 a
557 792 668 820 Leiden
692 803 743 820 rex
766 794 1025 830 Anabaptistarum
1049 794 1078 821 in
1102 793 1292 830 westphalia.

338 856 344 863 .
367 835 435 863 Mel.
460 845 523 864 cum
546 835 675 863 Luthero
699 836 816 873 Torgae
838 842 881 865 cst
902 837 932 864 in
956 837 1031 864 aula.
1076 837 1146 873 (Ep.
1169 837 1205 864 ad
1228 836 1292 864 Ion.
1316 837 1343 864 d.
1367 837 1394 864 d.
1421 837 1447 865 2.
1471 839 1564 874 Aug.)

335 899 342 905 .
366 878 453 906 Redit
475 879 542 906 Mel.
566 879 764 916 Vitebergam.

336 941 342 947 .
367 921 456 949 Mittit
478 922 508 949 in
533 920 660 949 Galliam
685 922 720 949 ad
744 920 932 949 Guilielmum
956 921 1135 958 Langaeum,
1160 921 1310 958 Episcop,
1329 922 1466 950 iudicium
1479 923 1514 951 de
1528 925 1735 960 componendis
1748 925 1954 954 controversiis
1968 926 2182 955 ecclesiasticis.

337 983 343 990 .
368 962 486 1001 Lipsiae
511 965 663 992 excuditur
684 964 763 991 bulla
786 964 934 1001 pontificia
955 974 1031 992 nova
1053 965 1088 992 de
1112 962 1240 1000 SynodO.

338 1027 344 1033 .
367 1007 498 1044 Principi
522 1007 650 1035 Electori
673 1016 843 1044 responsum
867 1007 903 1034 ad
928 1006 1144 1034 Ferdinandum
1167 1015 1267 1043 regem
1291 1008 1450 1036 conscribit
1468 1009 1503 1036 de
1522 1010 1757 1038 sacramentariis
1781 1010 1948 1038 tolerandis.

368 1050 469 1077 Mense
488 1051 564 1087 Aug.
588 1049 735 1087 praefatu·
757 1050 786 1076 in
812 1049 993 1077 Veldkirchii
1017 1049 1254 1077 commentarium
1278 1050 1306 1076 in
1329 1049 1445 1078 Erasini
1468 1051 1572 1079 librum
1597 1053 1631 1080 de
1655 1053 1764 1090 duplici
1783 1054 1867 1090 copia
1890 1054 2052 1082 verborum.

336 1113 342 1118 .
367 1090 535 1120 Camerario
549 1093 676 1119 defertur
689 1092 815 1119 conditio
829 1101 846 1118 a
858 1092 942 1119 Duce
955 1092 1064 1121 Saxon.
1079 1092 1169 1119 Elect.
1182 1108 1226 1114 —
1238 1092 1406 1120 Melanthon
1425 1099 1544 1122 vocatus
1566 1094 1656 1122 fuerat
1676 1100 1703 1123 et
1723 1096 1752 1122 in
1776 1096 1914 1132 Angliam
1937 1101 1964 1124 et
1986 1098 2016 1124 in
2037 1094 2181 1125 Sueviam.

336 1154 343 1161 .
367 1132 524 1171 Schnepfio
548 1139 574 1161 et
597 1133 786 1171 Landgravio
810 1133 972 1162 Hessorum
997 1135 1096 1163 scribit.
1119 1135 1153 1162 de.
1176 1135 1350 1162 concordiae
1373 1135 1497 1164 formula
1518 1147 1535 1164 a
1557 1136 1671 1166 Bucero
1696 1139 1855 1175 proposita.

335 1198 340 1204 .
365 1175 501 1205 Clemens
524 1187 602 1215 papa
625 1177 753 1206 moritur.

337 1241 343 1247 .
365 1219 507 1257 Princeps
532 1220 647 1248 Elector
670 1220 769 1248 laudat
793 1219 1025 1255 Melanthonem,
1050 1221 1126 1256 quod
1150 1226 1269 1249 vocatus
1293 1221 1328 1248 ab
1353 1222 1461 1250 exteris
1485 1221 1565 1250 malit
1588 1233 1704 1251 manere
1727 1223 1912 1261 Vitebergae.

365 1262 486 1290 Ineunte
510 1261 630 1290 Octobri
653 1268 838 1291 enarraturus
861 1268 904 1291 est
928 1263 993 1290 Mel,
1016 1261 1170 1300 Sophoclis
1194 1264 1361 1301 Antigonen
1387 1269 1414 1291 et
1437 1264 1589 1294 Ciceronis
1612 1266 1715 1294 librum
1740 1267 1775 1294 de
1800 1272 1925 1295 oratore.

365 1305 431 1332 Mel.
455 1305 619 1333 valetudine
639 1305 761 1334 laborat.

332 1368 339 1374 .
364 1347 472 1376 Paulus
496 1347 550 1376 111.
574 1357 651 1385 papa
674 1352 796 1376 creatur.

335 1410 342 1417 .
366 1390 413 1418 De
435 1391 637 1428 Anabaptistis
659 1400 717 1418 non
741 1390 867 1418 ferendis
891 1391 991 1419 scribit
1014 1391 1051 1419 ad
1074 1390 1215 1419 Ioannem
1238 1391 1368 1429 Princip.
1395 1392 1513 1420 Anhalt..

335 1454 342 1461 .
365 1433 432 1461 Mel.
455 1434 531 1471 apud
555 1433 745 1462 Anhaltinum
770 1438 822 1462 est.

364 1474 499 1504 Exeunte
522 1485 621 1504 mense.
646 1476 799 1512 „Basileae
823 1477 975 1504 excuditur
998 1475 1015 1513 ἡ
1037 1474 1150 1514 μεγάλη
1174 1475 1309 1514 σύνταξις
1332 1478 1522 1516 (Ptolemaei)
1546 1481 1682 1516 graece“.

333 1541 339 1547 .
363 1518 467 1546 Tradit
489 1519 668 1555 dialecticen,
689 1524 715 1547 et
737 1524 852 1546 enarrat
874 1519 1026 1548 Ciceronis
1046 1520 1150 1548 librum
1175 1520 1211 1548 de
1230 1525 1354 1548 oratore.

364 1561 499 1589 Exeunte
522 1561 678 1589 Decembri
702 1562 850 1599 praefatur
873 1563 902 1590 in
928 1563 1082 1591 Purbachii
1107 1563 1250 1591 theoricas
1274 1563 1470 1592 Planetarum.

363 1604 500 1642 Philippo
523 1604 710 1642 Landgravio
733 1605 833 1633 scribit
856 1606 891 1632 de
913 1606 1085 1634 concordiae
1108 1605 1231 1634 formula
1254 1616 1271 1634 a
1294 1606 1407 1634 Bucero
1431 1607 1527 1636 missa.

333 1670 338 1675 .
362 1647 559 1675 Proficiscitur
582 1647 753 1682 Casseliam,
778 1653 808 1675 ut
831 1648 1017 1686 colloquatur
1040 1658 1103 1677 cum
1127 1648 1241 1677 Bucero
1261 1649 1296 1677 de
1319 1658 1403 1678 sacra
1425 1659 1532 1685 coena,
1557 1650 1605 1678 ubi
1629 1651 1664 1678 ad
1692 1650 1837 1679 mitiorem
1867 1651 2038 1680 sententiam
2065 1652 2119 1680 hac
2144 1652 2176 1680 in

395 1700 426 1718 re
448 1691 635 1729 pertrahitur.

1014 1818 1168 1849 ANNO
1210 1818 1334 1850 1535.

331 1924 336 1929 .
360 1902 488 1930 Domum
512 1904 664 1932 revertitur
686 1904 753 1931 Mel.
773 1913 809 1931 ex
833 1904 978 1941 colloquio
1000 1903 1148 1933 Casseliae
1171 1906 1269 1934 habito
1293 1915 1358 1934 cum
1381 1906 1504 1934 Bucero.

289 1946 335 2016 ἐξ.

362 1945 472 1972 Narrat
494 1944 661 1974 Camerario
684 1952 712 1974 et
733 1947 898 1984 Agricolae,
921 1948 989 1984 quid
1012 1947 1160 1976 Casseliae
1183 1950 1282 1985 egerit.

359 1987 480 2016 Brentio
504 1989 602 2016 scribit
624 1990 659 2017 de
684 1990 905 2017 Antitrinitariis
929 1996 956 2018 et
986 1991 1021 2018 dc
1045 1992 1189 2019 sententia
1218 1998 1334 2029 patrum
1362 1992 1398 2019 de
1429 2000 1519 2019 coena
1551 2000 1589 2025 ε.7
1620 2000 1677 2027 qua
1704 1992 1739 2019 de
1770 2001 1801 2019 re
1827 1992 1885 2019 iam
1914 1991 2033 2020 liberius
2055 1992 2173 2027 iudicat,

394 2031 519 2068 ideoque
550 2031 700 2059 Brentium
729 2037 828 2069 rogat,
861 2038 889 2059 ut
919 2033 1070 2070 epistolam
1101 2035 1125 2061 ei
1154 2035 1292 2072 scriptam
1324 2039 1487 2072 concerpat.
1531 2034 1629 2061 Dubio
1663 2039 1755 2069 caret,
1786 2034 1981 2063 Melanthonis
2007 2035 2174 2072 opinionem

395 2074 520 2110 priorem
545 2075 580 2102 de
604 2075 825 2103 manducatione
849 2077 978 2113 corporis
1002 2081 1029 2103 et
1053 2078 1204 2114 sanguinis
1225 2077 1335 2106 Christi
1358 2078 1387 2105 in
1412 2086 1501 2105 coena
1519 2086 1602 2105 sacra
1625 2087 1676 2115 per
1700 2077 1877 2114 colloquium
1891 2087 1953 2105 cum
1972 2076 2087 2106 Bucero
2111 2087 2174 2106 mu-

394 2121 481 2144 tatam
502 2126 574 2145 esse.

361 2158 461 2187 Mense
486 2159 621 2187 Ianuario
647 2166 761 2187 enarrat
785 2161 814 2187 in
838 2160 938 2188 schola
962 2162 1075 2189 tertium
1098 2162 1204 2190 librum
1228 2162 1378 2192 Ciceronis
1401 2164 1437 2191 de
1457 2169 1581 2191 oratore.

329 2222 336 2228 .
360 2201 496 2239 Philippo
520 2202 706 2240 Landgravio
731 2210 759 2230 et
782 2202 894 2230 Bucero
917 2204 1026 2239 scribit,
1050 2205 1119 2241 quid
1142 2205 1287 2234 Lutherus
1307 2211 1411 2234 statuat
1437 2207 1471 2234 de
1495 2206 1650 2234 concordia
1669 2216 1686 2233 a
1708 2205 1821 2233 Bucero
1845 2209 1964 2233 tentata.

327 2265 332 2271 .
358 2243 495 2279 Queritur
518 2246 553 2273 de
577 2247 644 2274 odio
668 2245 864 2282 Lipsiensium
888 2246 1025 2274 adversus
1048 2247 1280 2285 Vitebergenses.

329 2308 335 2314 .
360 2286 483 2322 Bucero,
506 2287 628 2316 Urbano
653 2288 745 2325 Regio
770 2294 797 2316 et
822 2289 942 2317 Brentio
966 2290 1075 2324 scribit,
1089 2291 1157 2326 quid
1171 2293 1261 2328 egerit
1274 2301 1339 2319 cum
1351 2291 1480 2319 Luthero
1502 2293 1536 2319 de
1557 2291 1711 2319 concordia
1729 2291 1758 2318 in
1777 2290 1909 2318 doctrina
1927 2291 1963 2318 de
1975 2299 2058 2318 sacra
2070 2299 2171 2319 coena.

359 2328 425 2357 Hoc
448 2340 546 2359 mense.
571 2332 675 2359 fratres
698 2332 727 2358 in
752 2331 894 2359 Bohemia
917 2332 1057 2366 hortatur,
1081 2338 1111 2360 ut
1136 2335 1319 2362 concordiam
1344 2343 1408 2362 cum
1432 2334 1688 2372 Vitebergensibus
1712 2338 1836 2362 servent.

358 2371 426 2399 Edit
450 2375 661 2402 enarrationem
684 2375 712 2401 in
736 2374 855 2411 aliquod
878 2374 941 2403 libr.
965 2374 1060 2402 Ethic.
1081 2376 1264 2411 Aristotelis,
1288 2377 1412 2405 dicatam
1436 2377 1572 2405 Burenio.

359 2413 503 2444 sturmius
525 2417 561 2444 ad
586 2417 799 2445 Melanthonem
823 2417 922 2444 scribit
946 2418 981 2445 de
1004 2417 1090 2446 rebus
1114 2417 1252 2454 Gallicis,
1277 2430 1400 2457 eumque
1423 2421 1568 2453 hortatur,
1592 2423 1624 2446 ut
1646 2419 1674 2446 in
1699 2418 1829 2447 Galliam
1852 2419 1958 2447 veniat.

328 2477 335 2484 .
359 2458 504 2486 Antonius
526 2460 653 2494 Barnes,
677 2461 789 2497 legatus
813 2459 941 2496 Anglus,
965 2460 1151 2498 Yitebcrgam
1181 2463 1272 2496 venit,
1303 2468 1422 2491 acturus
1444 2463 1480 2490 de
1507 2462 1694 2490 matrimonio
1724 2461 1850 2489 secundo
1874 2461 1951 2497 regis
1981 2466 2008 2488 et
2035 2461 2070 2489 de
2102 2470 2171 2490 con—

392 2501 540 2529 iunctione
563 2501 713 2531 Ecclesiae
734 2503 820 2539 Angl.
845 2512 908 2531 cum
932 2503 1173 2532 Protestantibus.

328 2562 335 2569 .
359 2543 425 2570 Mel.
451 2553 546 2581 regem
571 2546 696 2582 Angliae
720 2546 869 2579 hortatur,
891 2550 923 2573 ut
945 2555 1042 2573 veram
1064 2546 1214 2583 religionis
1237 2549 1397 2576 doctrinam
1421 2553 1542 2575 tueatur.

358 2585 487 2614 Burenio
511 2592 623 2623 narrat,
646 2589 714 2624 quid
739 2589 828 2626 egerit
851 2587 879 2616 in
903 2589 1070 2617 recudendo
1092 2589 1167 2618 libro
1190 2590 1224 2617 V.
1248 2591 1375 2620 Ethicor.
1400 2590 1574 2618 Aristotelis.
