2299 2921
153 106 218 139 265

197 201 320 238 Quoties
342 202 455 239 aspicio
477 200 577 229 Albim
600 204 740 230 nostrum.
765 199 851 236 VIII,
875 200 947 230 735.

197 244 312 274 Scimus
335 245 434 273 divina
456 252 526 272 voce
548 242 738 279 praedictum.
763 242 847 278 vm,
872 243 942 272 305.

196 287 311 317 Scimus
334 287 490 316 salutarem
513 285 761 323 gubernationem.
785 285 870 321 vm,
895 286 965 315 733.

197 330 265 360 Scio
287 330 363 358 bono
387 328 517 357 consilio.
542 326 598 362 IX,
621 328 670 356 85.

197 371 360 402 Scriberem
380 373 416 399 ad
439 376 467 399 te
490 370 612 408 prolixe.
637 369 721 406 VIII,
746 371 816 399 607.

196 415 317 453 Semper
340 418 368 442 et
390 423 445 452 ego
468 414 557 442 dolui.
589 411 673 447 VHI,
699 413 770 442 824.

196 457 287 495 Spero
309 458 368 485 iam
392 457 470 495 apud
490 461 518 484 te
541 465 603 484 ess*
627 454 663 482 D.
683 455 896 484 Tilemannum.
920 454 1004 491 VIII,
1028 455 1099 484 788.

197 499 347 538 Sylvulam
369 498 578 537 responsionis.
602 496 670 532 VII,
691 498 762 527 90⁶2.

196 544 309 573 Tecum
331 552 425 581 nuper
446 543 567 571 iocatus.
590 539 674 576 VIII,
699 539 769 570 927.

196 587 292 615 Tuam
316 585 469 623 epistolam
493 585 630 621 scriptam
653 587 729 620 post.
754 582 838 618 VIII,
862 584 932 613 443.

196 629 326 658 Tuarum
350 629 497 656 literarum
520 625 684 656 fasciculos.
706 625 790 661 VIII,
814 626 884 655 236.

196 672 345 700 Tueamur
368 680 402 698 eo
425 671 544 698 maiore.
570 668 652 704 VIII,
676 669 725 697 66.

197 714 240 743 Ut
262 712 333 752 Cyri
356 714 448 741 edicto
471 712 656 741 Instauratio.
689 711 758 748 VH,
786 713 874 741 1111.

150 756 322 792 Cisnero,
347 756 524 784 Nicolaot

193 799 340 828 Fortassis
358 809 393 827 eo
415 807 499 827 senes
522 798 638 826 maiore.
659 796 714 833 IX,
742 798 832 827 1030.

151 841 366 878 Clammero,
397 841 641 870 Baithasaro:

194 884 269 914 cum
291 885 322 913 in
345 893 452 922 magno
476 883 585 912 dolore.
609 882 665 919 IX,
690 883 761 912 561.

192 925 260 956 Scio
282 931 311 956 te
333 928 435 955 virum.
455 925 523 961 VII,
545 927 616 954 450.

150 967 316 1005 Clausio,
338 970 512 998 Nicolao:

192 1013 291 1041 Audio
314 1013 353 1041 D.
378 1012 538 1041 Oedenutn.
567 1010 619 1046 VI,
645 1011 693 1039 84.

193 1053 268 1083 Cum
291 1056 329 1083 ad
351 1065 403 1084 vos
426 1054 668 1092 proficisceretur.
694 1052 749 1087 IX,
775 1053 842 1081 147.

193 1096 267 1126 Cum
288 1098 369 1135 leges
391 1096 505 1133 Stigelii
526 1105 650 1123 carmen.
675 1094 731 1130 IX,
752 1096 800 1123 86.

192 1141 312 1169 Utinam
335 1150 387 1177 pro
411 1140 469 1167 tuis
490 1139 583 1166 literis
606 1138 813 1167 amantissime.
839 1136 905 1172 VII,
929 1137 999 1166 823.

149 1181 363 1221 Clavigero,
384 1182 600 1210 Ambrosio:

191 1225 278 1254 Hanc
302 1225 454 1262 epistolam
478 1234 542 1252 cum
566 1224 723 1252 scriberum
746 1224 777 1252 in
800 1223 883 1252 festo.
908 1221 964 1258 IX,
992 1224 1060 1252 175.

149 1268 382 1306 Coburgensi
402 1267 571 1296 Senatui:

193 1311 252 1347 Qut*
275 1313 306 1341 Ψ.
333 1310 380 1340 ἣίὶ.
400 1311 514 1349 ffiegebr.
538 1310 588 1338 bob
609 1310 655 1343 ist).
679 1310 715 1344 V,
741 1309 811 1338 390.

193 1353 252 1383 Der
271 1354 437 1391 ebriniirbige
460 1354 531 1387 &bert
550 1352 588 1382 D.
615 1352 762 1381 ’mutunus
782 1352 887 1385 ssutbet.
912 1350 967 1386 111,
989 1352 1060 1380 754.

194 1397 226 1426 G.
248 1397 280 1425 (ἓ.
306 1396 356 1425 biit
376 1397 412 1429 id>
433 1396 539 1431 exfilicb,
566 1396 651 1424 meine
676 1394 792 1429 &siniit
815 1393 882 1429 VIl,
907 1395 978 1423 554.

192 1439 356 1476 Utrumque
380 1448 436 1466 vox
459 1439 567 1466 divina.
592 1436 649 1473 IX,
673 1439 744 1466 601.

192 1481 257 1511 {Bit
276 1483 362 1519 buben
386 1480 543 1518 Qotfgcmg
561 1481 666 1517 ιβύᾗεῐ.
691 1480 714 1516 1,
745 1481 833 1509 1115.

148 1523 344 1553 Coclenio:

191 1567 291 1596 Facile
313 1567 441 1605 perpulit
460 1577 506 1595 me
530 1566 636 1595 Dilfus.
660 1565 685 1601 I,
708 1567 780 1595 947.

147 1609 312 1645 Collino,
338 1609 543 1637 Matthaeo:

191 1654 290 1681 Antea
312 1662 377 1680 cum
400 1652 558 1681 scriberem
582 1652 642 1679 tibi.
667 1650 734 1685 VII,
757 1652 827 1680 806.

190 1695 264 1724 Cum
289 1696 466 1723 Academiae
490 1700 615 1723 nostrae.
639 1694 694 1729 IX,
723 1694 791 1723 186,

190 1738 264 1767 Cum
288 1738 413 1766 sciamus
432 1737 593 1766 Ecclesiam
619 1737 675 1765 Dei
699 1738 728 1766 in
752 1737 817 1765 bac.
842 1735 896 1771 IX,
925 1736 1013 1766 1028.

190 1781 329 1809 Delector
352 1789 452 1808 amore
477 1785 504 1808 et
527 1780 634 1808 officio.
656 1780 708 1815 lv,
728 1781 799 1809 659.

190 1823 256 1851 Deo
274 1828 393 1851 aeterno
412 1839 462 1851 —.
483 1824 575 1851 Multa
597 1827 665 1850 sunt
686 1823 819 1852 illustria.
844 1821 927 1857 VIlI,
952 1823 1022 1851 441.

190 1866 229 1893 Et
253 1875 291 1894 ex
315 1866 372 1893 tuis
395 1866 522 1904 scriptis.
546 1865 629 1900 VIII,
655 1866 725 1895 234.

190 1908 228 1936 Et
251 1909 344 1937 habeo
366 1908 418 1936 tibi
441 1909 566 1947 gratiam
590 1909 668 1946 quod
687 1918 775 1947 saepe
797 1913 937 1937 amanter.
962 1908 1029 1944 VH,
1055 1910 1125 1939 436.

189 1951 313 1979 Etiamsi
336 1952 449 1988 fingunt
472 1956 586 1989 poetae.
610 1951 662 1986 VI,
686 1951 735 1981 23,

190 1993 255 2022 Etsi
278 1994 485 2022 benevolentia
507 1998 557 2022 tua
575 1994 714 2023 delector.
744 1993 800 2029 IX,
823 1996 894 2023 948.

190 2036 255 2065 Etsi
278 2037 313 2064 de
337 2037 435 2065 multis
458 2037 553 2064 rebus.
576 2036 632 2071 IX,
658 2038 707 2066 87.

189 2079 254 2107 Etsi
276 2080 347 2107 nihil
371 2080 500 2117 perinde.
527 2079 594 2114 VII,
618 2081 689 2108 485.

189 2121 254 2150 Etsi
273 2132 333 2150 non
356 2123 480 2150 abundo.
505 2122 542 2156 V,
567 2123 638 2151 869.
1151 2129 1155 2172 ί

190 2165 255 2193 Etsi
278 2166 414 2200 sciebam,
439 2166 554 2202 quando
579 2166 662 2193 hanc.
687 2163 771 2199 VIII,
800 2165 865 2194 138.

190 2207 336 2236 Existimo
358 2208 432 2237 alios
454 2208 491 2235 ad
514 2212 552 2235 te.
582 2207 650 2243 VII,
676 2208 746 2237 695.

189 2249 335 2279 Existimo
357 2255 385 2279 te
406 2251 561 2279 audivisse.
581 2250 649 2285 VII,
673 2251 746 2280 640.

189 2292 384 2330 Experiamur
406 2294 521 2331 ubique,
542 2294 713 2322 Ecclesiam.
738 2293 775 2328 V,
796 2293 865 2323 566.

189 2335 314 2363 Familia
335 2342 418 2365 vetus
442 2342 471 2364 et
493 2337 617 2364 honesta
635 2341 678 2364 est
697 2336 820 2364 Winsia.
839 2335 896 2371 IX,
921 2337 991 2367 61¹2.

192 2377 285 2406 Grata
303 2379 374 2406 mihi
392 2384 435 2408 est
453 2380 616 2408 assiduitas.
636 2378 688 2413 VI,
709 2380 758 2408 95.

189 2419 323 2449 Gratiam
346 2421 398 2449 tibi
421 2422 514 2450 habeo
536 2432 595 2450 non
618 2422 711 2450 solum
735 2422 796 2451 tibi.
820 2422 872 2459 VI,
897 2423 968 2452 816.

189 2461 313 2492 Gratum
336 2469 380 2492 est
402 2465 481 2492 mihi.
500 2464 552 2500 IV,
579 2466 669 2494 1066.

189 2505 275 2534 Hanc
294 2507 447 2544 epistolam
471 2508 574 2544 scripsi
596 2508 643 2535 die
666 2508 750 2546 Bapt.
776 2508 812 2543 V,
833 2507 903 2537 772.

188 2548 345 2577 Hominem
366 2560 412 2577 me
436 2559 507 2578 esse.
529 2549 613 2585 vm,
637 2552 707 2580 742.

363 105 402 137 11.
424 104 611 138 INDICES.
655 104 694 135 H.
719 102 859 136 INDEX
881 103 1076 136 EPISTOL.
1099 102 1211 136 PHIL.
1234 102 1336 135 MEL.
1360 103 1700 136 ALPHABETICUS
1720 104 1806 136 PER
1828 104 1970 137 INlTlA.

2100 105 2165 137 266

1227 198 1290 228 Iam
1314 208 1466 238 coeperam
1488 199 1596 228 literas.
1618 198 1688 232 VII,
1712 200 1784 229 749.
1800 182 1813 201 ⁸

1227 241 1262 270 In
1284 246 1413 270 mercatu
1435 241 1555 280 Lipsico
1577 241 1651 270 haec
1673 242 1778 270 scribo.
1800 241 1856 278 IX,
1880 242 1950 272 807.

1226 284 1261 312 In
1283 285 1415 314 oratione
1438 285 1628 314 Nazianzeni.
1649 284 1705 319 IX,
1730 286 1779 314 15.

1227 326 1367 356 Libenter
1387 328 1475 356 audio
1495 328 1606 357 doctos.
1631 327 1699 361 VII,
1723 328 1794 357 983.

1227 370 1386 398 Meministi
1409 369 1517 399 Catulli
1538 371 1656 399 dictum.
1680 369 1763 405 VIII,
1788 371 1859 400 829.

1228 413 1389 441 Meministi
1411 411 1575 449 Gelenium,
1598 414 1725 441 doctum.
1748 413 1785 448 V,
1810 414 1880 442 285.

1228 455 1296 483 Non
1314 455 1400 484 aliam
1425 457 1633 486 existimemus,
1658 455 1741 491 VIII,
1767 455 1838 485 216.

1227 497 1297 526 Non
1320 499 1439 535 negotia
1460 499 1630 536 impediunt.
1654 498 1737 534 VIII,
1762 499 1833 528 301.

1227 539 1298 568 Non
1319 545 1430 569 tantum
1450 542 1545 570 causis
1569 542 1709 580 physicis.
1730 541 1813 577 VIII,
1838 543 1908 570 414.

1228 582 1412 621 Noribergae
1433 593 1498 612 cum
1522 593 1623 613 essem.
1646 584 1716 620 VII,
1740 585 1811 615 999.

1227 624 1331 663 Nuper
1353 636 1418 654 cum
1442 627 1518 655 forte
1535 627 1623 656 aliud.
1647 627 1715 662 VH,
1742 628 1832 657 1018.

1227 667 1331 706 Nuper
1354 679 1390 697 ex
1413 670 1538 706 quodam
1560 671 1645 699 bono.
1666 670 1721 706 IV,
1745 670 1836 700 1065.

1227 710 1310 739 Pene
1332 712 1464 740 exaudiri
1485 723 1502 740 a
1524 713 1615 742 vobis.
1640 713 1723 748 VIII,
1749 713 1820 743 872.

1228 753 1315 789 Quod
1335 754 1366 782 in
1389 755 1484 792 patria
1506 756 1536 783 in
1559 766 1687 784 munere.
1712 756 1779 790 VII,
1804 757 1874 785 233.

1227 796 1322 834 Saepe
1345 797 1399 826 hos
1423 798 1580 827 versiculos
1602 800 1706 827 recito:
1730 799 1782 826 Nil
1805 808 1877 827 sum.
1902 798 1985 833 VIII,
2009 800 2078 828 438.

1227 838 1367 869 Salomon
1390 840 1499 878 inquit:
1524 841 1677 871 calumnia.
1703 841 1787 877 VIII,
1810 843 1880 871 695.

1227 881 1294 910 Scio
1317 887 1345 910 te
1367 892 1426 910 non
1450 883 1591 912 oblivisci.
1614 884 1697 920 VIII,
1725 885 1794 914 117.

1227 923 1294 953 Scio
1317 928 1346 953 te
1368 934 1454 963 saepe
1476 928 1605 964 cogitare
1628 928 1836 956 dulcissimum.
1860 926 1916 963 IX,
1941 928 2012 957 814.

1227 966 1293 996 Scis
1314 968 1404 995 filium
1427 968 1484 996 Dei
1508 970 1687 1008 promittere.
1711 969 1794 1006 VIII,
1819 972 1889 1000 441.

1226 1008 1291 1037 Scis
1310 1010 1382 1038 illud
1404 1011 1538 1040 Achillis.
1563 1012 1620 1047 IX,
1645 1015 1715 1042 177.

1227 1050 1333 1080 Scribit
1352 1053 1519 1083 Demetrius
1541 1055 1735 1084 Phalerensis.
1758 1055 1814 1090 IX,
1838 1056 1905 1085 1:29.

1227 1093 1360 1123 Siderum
1384 1096 1495 1132 positus
1518 1097 1586 1125 huic
1609 1108 1685 1126 orae.
1710 1098 1777 1133 VII,
1803 1099 1894 1128 1106.

1226 1137 1393 1166 Teneamus
1414 1138 1488 1167 hanc
1511 1144 1538 1167 et
1558 1141 1798 1170 consolationem.
1823 1140 1906 1176 VIII,
1931 1141 1980 1171 69.

1225 1180 1307 1208 Tuas
1330 1180 1495 1210 harmonias
1516 1183 1582 1211 dedi
1606 1185 1799 1222 typographo.
1824 1183 1907 1220 VIII,
1932 1185 2004 1213 513.

1227 1222 1268 1251 Ut
1290 1228 1319 1251 te
1342 1233 1401 1252 non
1423 1225 1532 1254 dubito.
1557 1226 1610 1261 VI,
1635 1228 1707 1257 741.

1224 1264 1347 1294 Utinam
1370 1271 1481 1295 tantum
1505 1270 1534 1296 in
1558 1270 1666 1297 nostris
1688 1275 1839 1299 cresceret.
1864 1269 1920 1305 IX,
1947 1270 2037 1299 1061.

1225 1308 1336 1337 Versus
1360 1314 1427 1337 sunt
1449 1310 1569 1349 Orp'hei.
1600 1312 1655 1347 IX,
1677 1314 1748 1342 488.

1226 1351 1318 1379 Vetus
1340 1352 1493 1381 celebritas
1516 1355 1620 1391 gentis.
1647 1354 1714 1390 VII,
1741 1356 1810 1384 800.

1224 1394 1294 1422 Vidi
1318 1400 1385 1422 ante
1407 1396 1512 1425 multos
1535 1407 1635 1425 amoos.
1654 1397 1706 1432 IV,
1731 1400 1801 1427 846.

1224 1436 1279 1470 Εἰς
1303 1435 1406 1475 ὄμματ’
1431 1437 1522 1468 εὔνου.
1556 1440 1639 1476 VIII,
1666 1442 1735 1470 669.

1223 1477 1330 1518 Ήδιῖγε
1353 1481 1454 1519 φίλου.
1490 1483 1573 1519 VIII,
1597 1485 1668 1512 783.

1228 1522 1284 1563 Τῷ
1306 1524 1438 1565 φίλιατῳ
1464 1525 1612 1567 Κολλίνῳ.
1643 1526 1696 1562 VI,
1721 1526 1792 1555 231.

1182 1564 1368 1601 Gor-dato,
1389 1565 1575 1597 Conrado:

1226 1608 1308 1636 Deus
1332 1610 1418 1637 Pater
1441 1611 1550 1639 domini
1568 1613 1669 1641 nostri.
1700 1611 1754 1647 III,
1783 1613 1872 1640 1081.

1226 1651 1264 1678 Et
1287 1653 1396 1681 suadeo
1420 1659 1445 1681 et
1476 1664 1537 1683 oro.
1571 1655 1623 1690 VI,
1650 1655 1697 1684 25.

1225 1693 1293 1721 Fuit
1314 1695 1389 1722 inter
1412 1706 1465 1725 nos
1487 1699 1623 1726 amicitia.
1657 1698 1711 1733 III,
1735 1699 1804 1726 181.

1224 1736 1305 1764 Nolo
1329 1738 1391 1773 tibi,
1416 1740 1476 1768 viro
1495 1742 1615 1778 optimo,
1634 1741 1782 1769 molestus.
1815 1740 1853 1775 II,
1879 1742 1948 1770 490.

1224 1779 1266 1807 Ut
1288 1780 1376 1817 igitur
1397 1781 1473 1810 Loth
1497 1789 1566 1811 erat.
1600 1785 1636 1819 V,
1660 1784 1730 1813 483.

1225 1822 1301 1851 Vere
1324 1824 1379 1851 hoc
1402 1825 1548 1854 affirmare
1573 1836 1702 1864 possum.
1736 1826 1790 1861 ΙΙΙ,
1816 1828 1884 1856 342.

1182 1863 1361 1905 Corvino,
1386 1869 1573 1897 Antonio:

1224 1908 1291 1937 Etsi
1314 1918 1379 1939 cum
1402 1911 1473 1939 hacc
1497 1912 1660 1941 scriberem.
1697 1912 1749 1946 111,
1774 1913 1844 1941 949.

1224 1950 1258 1978 In
1281 1952 1385 1982 itinere
1408 1954 1520 1983 absolvi
1544 1961 1697 1992 utcunque.
1735 1955 1771 1989 II,
1797 1956 1868 1984 813.

1225 1993 1311 2029 Quod
1334 1997 1444 2035 Anglo,
1469 1998 1530 2025 viro
1554 1998 1639 2026 bono.
1676 1997 1728 2030 IV.
1753 1999 1823 2027 880.

1224 2036 1387 2075 Respondit
1409 2039 1565 2074 Lutherus,
1590 2051 1642 2069 nec
1667 2040 1811 2069 dissuasit.
1851 2041 1887 2075 H,
1911 2042 1981 2070 656.

1223 2078 1300 2108 Satis
1323 2092 1426 2119 graves
1450 2088 1476 2110 et
1495 2093 1626 2121 magnas.
1662 2084 1699 2118 II.
1727 2084 1796 2112 (521.

1221 2122 1317 2151 Valde
1340 2135 1385 2153 nie
1409 2126 1588 2154 delectarunt
1611 2127 1719 2155 literae.
1754 2126 1793 2161 II,
1815 2128 1885 2156 587.

1179 2165 1399 2204 Coscielitz,
1422 2169 1511 2197 Ioan
1523 2171 1559 2198 ni
1583 2180 1614 2198 a:

1221 2208 1295 2238 Sunt
1321 2211 1411 2249 inepti
1435 2213 1485 2249 qui
1515 2213 1673 2249 disputant.
1699 2211 1781 2247 VIH,
1807 2212 1876 2241 492.

1177 2250 1382 2290 Cotteniis,
1406 2254 1604 2284 Friderico
1628 2261 1662 2283 et
1684 2255 1984 2283 Bonaventurae:

1221 2295 1355 2330 Ξῖὶαώῠειιι
1382 2299 1416 2328 ἰώ
1449 2299 1497 2327 mit
1521 2307 1599 2327 ruerit
1623 2299 1760 2328 Qtstbern.
1796 2297 1848 2333 IV,
1876 2299 1944 2327 701.

1177 2337 1384 2375 Cracovio,
1409 2340 1590 2378 Georgio:

1221 2381 1360 2420 Comperi
1384 2384 1497 2412 bonam.
1532 2382 1587 2419 IX,
1614 2384 1683 2413 6323.

1220 2425 1277 2453 Dei
1301 2427 1441 2455 beneficio
1464 2431 1541 2454 recte
1566 2427 1662 2454 valent
1691 2428 1799 2455 coniux
1822 2432 1881 2454 tua.
1914 2426 1970 2462 IX,
1994 2427 2064 2457 732.

1220 2467 1276 2495 Dei
1300 2470 1391 2497 benef.
1410 2474 1487 2497 recte
1509 2469 1614 2504 valent,
1630 2475 1657 2497 et
1674 2470 1785 2498 honest.
1806 2470 1913 2498 coniux
1924 2476 1982 2498 tua.
2006 2469 2063 2505 IX,
2084 2471 2155 2501 399.

1218 2509 1284 2539 Deo
1307 2513 1417 2549 gratias
1439 2521 1494 2549 ago
1517 2521 1581 2540 cum
1603 2517 1652 2540 tua
1669 2513 1828 2541 domestica
1850 2513 1990 2551 Ecclesia.
2012 2512 2068 2548 IX,
2082 2512 2153 2542 528.

1217 2551 1313 2582 Deum
1343 2560 1493 2582 aeternum
1517 2571 1566 2582 —.
1591 2554 1722 2592 Scripsit.
1746 2555 1801 2589 IX,
1827 2555 1896 2585 327.
