2299 2921
157 156 221 190 451

159 256 226 284 tam
250 260 327 283 esse
339 249 514 283 Ecclesiae
536 249 719 288 historiam,
732 252 784 288 ⁷⁸)
806 249 926 290 quibus
945 246 1143 287 testimonijs

160 299 283 327 vocata
317 299 350 325 et
384 294 517 325 condita
546 294 587 325 sit
615 292 787 330 Ecclesia,
817 297 850 323 et
872 290 1037 333 quomodo
1068 288 1142 328 [fol.

161 337 277 376 1091’]
306 342 474 377 seruetur,
503 342 536 367 et
566 336 656 378 quod
683 344 790 377 genus
813 334 984 366 doctrinae
1006 341 1067 374 per
1088 342 1145 372 pa·

159 384 249 418 tres,
278 380 480 422 prophetem,
506 377 694 420 Apostolos
723 383 756 409 et
786 382 951 418 martyres
980 384 1145 417 propaga-

160 428 229 455 tum
252 423 305 454 sit.

249 465 285 496 ln
307 465 359 496 his
382 464 531 505 historijs
553 463 723 501 iubemus,
746 468 783 494 vt
807 471 923 494 omnes
946 466 1049 502 agant
1072 469 1146 502 gra-

161 508 226 540 tias
249 509 324 545 deo,
349 507 438 549 quod
461 516 499 537 se
517 505 687 547 patefecit,
711 505 800 547 quod
819 504 946 546 colligit
956 503 1146 537 Ecclesiam

161 561 223 593 per
245 549 364 588 filium,
387 549 476 591 quod
500 550 684 581 doctrinam
708 548 805 579 nobis
827 548 978 586 tradidit,
1001 552 1034 578 et
1056 546 1146 587 quod

161 593 249 626 misit
272 593 430 624 doctores
461 597 494 623 et
519 592 552 622 in
582 592 629 623 eis
656 590 843 623 testimonia
867 591 908 622 de
931 600 970 622 se
992 588 1145 621 ostendit.

162 635 336 674 iubemus,
364 640 400 666 vt
434 635 618 666 doctrinam
647 644 762 666 eorum
791 634 1020 672 considerent,
1052 637 1084 663 et
1111 636 1146 662 ut

162 678 437 719 testimonijs,⁷⁴)
472 687 557 719 quae
591 677 673 709 deus
705 678 738 708 in
767 677 815 708 eis
850 676 1013 714 ostendit,
1048 674 1146 706 fidem

163 720 372 753 confirment.
429 719 650 752 considerent
685 721 761 752 item
792 719 945 760 exempla
971 717 1082 760 iudicij
1113 722 1147 748 et

162 773 361 806 poenarum,
388 769 424 795 ut
458 763 622 795 excitetur
651 763 683 794 in
705 763 754 794 eis
777 763 874 794 timor
897 763 968 801 dei,
992 761 1147 793 lubemus

162 807 281 838 imitari
303 806 412 844 fidem,
434 806 624 847 patientiam
644 812 676 837 et
696 811 824 837 ceteras
843 806 994 843 virtutes,
1017 804 1148 835 discant

163 849 196 881 in
220 850 283 880 deo
312 858 379 881 non
402 858 479 880 esse
502 851 775 890 προςωποληψίαν,
807 854 839 880 et
867 854 982 889 petant
1005 856 1044 879 se
1066 856 1147 888 quo-

164 902 228 934 que
246 892 360 932 recipi,
379 892 538 931 exaudiri,
562 892 645 933 regi,
668 892 796 930 iuuari,
819 890 1021 929 saluari‚⁷⁵)
1053 889 1148 921 Sicut

163 935 247 966 deus
272 935 352 974 [fol.
368 935 476 973 110³]
501 935 617 975 recipit
632 934 808 973 Daufflem,
832 934 1036 971 Manassem‚
1054 931 1148 974 Mag-

164 976 391 1016 dalenan=,⁷⁶)
414 976 576 1009 latronem
600 978 633 1009 in
655 987 768 1009 cruce.

251 1020 426 1052 monemus
449 1021 562 1055 etiam,
591 1021 760 1062 quomodo
783 1018 936 1061 exempla
958 1018 1094 1051 cuilibet
1116 1018 1149 1050 in

165 1073 228 1095 sua
258 1065 435 1096 vocatione
463 1063 621 1095 imitanda
648 1064 732 1104 sint,
761 1065 840 1105 quia
868 1072 961 1094 error
984 1063 1018 1094 in
1042 1062 1149 1094 Imita-

164 1107 254 1138 tione
269 1112 301 1138 et
315 1108 473 1145 κακοζηλία
485 1116 567 1148 sepe
585 1107 766 1148 ingentium
784 1104 944 1138 malorum
964 1115 1069 1137 causa
1085 1109 1148 1137 est.

251 1149 440 1181 Laudamus
458 1150 555 1181 etiam
566 1149 714 1191 ipsorum
732 1154 922 1180 sanctorum
937 1147 1149 1190 diligentiam,

165 1193 221 1235 qni
245 1194 522 1231 curauerunt,⁷⁷)
545 1202 586 1224 ne
610 1192 817 1224 effunderent
839 1193 927 1223 dona
944 1190 1020 1222 Dei.
1048 1190 1149 1222 Deni-

165 1245 230 1277 que
253 1245 319 1267 non
342 1234 435 1267 stulti
458 1234 696 1276 amplissimam
714 1235 898 1266 doctrinam
917 1244 958 1266 ex
976 1233 1028 1265 his
1046 1233 1149 1264 histo-

163 1278 223 1320 rijs
246 1288 399 1319 promere
421 1283 576 1319 possunt,
598 1288 696 1320 quani
718 1278 861 1320 proponi
878 1276 1003 1319 populo
1021 1281 1150 1308 remota

163 1321 401 1363 superstitione
424 1320 633 1353 Vtilissimum
656 1326 721 1352 est.

433 1468 484 1502 De
512 1468 701 1513 magistratu
735 1467 878 1514 politico.

247 1567 311 1600 Dei
340 1567 506 1600 beneficio
534 1568 568 1599 in
596 1566 763 1610 Ecclesijs
790 1567 980 1605 nostris78)
1008 1572 1042 1598 et
1063 1566 1148 1599 haec

158 1621 240 1653 pars
269 1611 445 1643 doctrinae
473 1611 515 1642 de
543 1611 702 1653 dignitate
723 1611 956 1653 magistratus,
980 1611 1036 1653 qui
1062 1610 1148 1651 gerit

159 1653 326 1696 gladium,
350 1660 384 1685 et
408 1654 449 1685 de
473 1654 632 1698 dignitate
655 1652 783 1696 legum,
809 1653 893 1694 [fol.
919 1653 1032 1693 llob]
1065 1653 1146 1685 iudi-

161 1698 288 1729 ciorum
319 1702 352 1728 et
383 1697 485 1729 totius
515 1697 639 1728 ordinis
667 1696 794 1738 politici
816 1697 869 1738 pie
891 1695 1058 1728 illustrata
1082 1702 1146 1734 est,

160 1746 194 1772 et
227 1750 349 1782 magno
385 1739 501 1771 labore
532 1750 573 1771 ac
602 1739 712 1772 multis
743 1740 877 1781 scriptis
907 1738 1039 1772 refutati
1068 1744 1147 1771 sunt

160 1782 459 1824 Anabaptistarum
488 1789 520 1814 et
551 1782 692 1814 aliorum
726 1782 947 1815 fanaticorum
979 1782 1148 1814 hominum

160 1824 252 1858 multi
276 1831 309 1857 et
331 1826 444 1869 magni
467 1824 677 1862 furores.⁷⁹)

162 1980 209 2011 73)
229 1979 365 2003 Ecclesiae
383 1979 541 2012 historiam,]
562 1979 644 2004 Editt.
665 1979 740 2004 1—3.
760 1979 799 2003 8.:
819 1979 956 2003 historiam
974 1978 1118 2007 Ecclesiae,

164 2023 210 2054 74)
230 2026 255 2046 et
273 2027 301 2047 ut
319 2022 497 2055 testimonijs,]
518 2023 599 2046 Editt.
624 2023 697 2047 1-3,
718 2023 759 2046 8.:
784 2026 810 2045 et
828 2023 864 2045 eis
884 2022 947 2053 (Ed.
968 2021 991 2045 3.
1011 2021 1057 2053 ijs)
1076 2021 1148 2044 testi-

232 2064 327 2088 monus

164 2100 209 2131 75)
229 2101 328 2130 iuuari,
347 2099 463 2132 salum-h]
483 2101 519 2124 sic
538 2099 621 2129 Cod.;
642 2106 712 2123 omn.
736 2098 834 2123 Editt.:
854 2099 950 2123 galuari
969 2102 994 2122 et
1012 2098 1106 2127 iuuari,

164 2142 210 2175 76)
230 2142 435 2174 Magdalenam‚]
453 2142 502 2166 Ed.
523 2143 547 2166 3.
567 2147 617 2174 typa
638 2150 701 2167 ern:
721 2142 916 2173 Magdelenam,

165 2186 211 2218 77)
232 2185 400 2219 curauerunt]
419 2185 499 2209 Editt.
519 2186 611 2208 4—7.:
632 2190 755 2208 curarunt

166 2229 213 2259 78)
232 2229 259 2252 in
278 2228 403 2260 Ecclesijs
422 2228 529 2259 nostris]
548 2227 609 2253 Ilaec
627 2227 704 2252 verba
722 2227 785 2252 Mel.
805 2235 880 2260 supra
899 2227 986 2251 lineam
1005 2225 1148 2257 adscripsit.

167 2272 213 2303 79)
232 2271 322 2302 magni
341 2268 465 2302 furores]
483 2275 538 2302 post
563 2270 624 2295 haec
649 2269 724 2295 verba
747 2271 773 2294 in
798 2270 864 2294 Cod.
891 2270 1005 2301 lequuntr
1028 2268 1116 2293 haecce
1135 2277 1150 2292 a

236 2305 320 2329 scriba
338 2304 433 2337 quidem
454 2309 575 2334 examita,
594 2305 638 2329 sed
655 2314 670 2328 a
696 2304 865 2329 Melanthone
891 2304 984 2329 deleta:
1009 2304 1049 2327 Ac
1072 2303 1150 2327 doce-

235 2347 291 2364 mus
312 2340 387 2363 deum
406 2339 472 2362 velle
492 2344 519 2362 vt
543 2339 591 2363 hae
616 2340 683 2363 duae
707 2347 748 2362 res
772 2338 912 2370 disciplina
936 2342 962 2362 et
985 2345 1038 2369 pax
1060 2338 1088 2361 id
1112 2341 1152 2361 est

238 2374 354 2398 defensio
374 2374 442 2397 vitae
462 2374 604 2405 corporalis
622 2381 669 2405 per
686 2375 867 2404 magistratus,
889 2372 974 2403 Leges
997 2376 1023 2396 et
1040 2372 1152 2403 Imperia

237 2412 362 2439 regantur
382 2411 407 2431 et
426 2412 619 2432 conset-nentur.
657 2407 691 2431 Et
709 2415 855 2440 quanquam
872 2407 979 2431 multum
1004 2410 1044 2430 cst
1068 2407 1151 2430 horri-

238 2443 329 2467 bilinm
348 2441 529 2466 confusionum
547 2444 573 2466 in
596 2443 727 2474 Imperijs,
749 2446 835 2466 tamen
859 2445 982 2472 quantum
1007 2441 1107 2465 ordinis
1125 2442 1152 2465 in

238 2477 287 2500 hac
306 2478 431 2500 societate
449 2478 575 2508 reliquum
595 2480 690 2506 manet,
708 2478 735 2501 id
753 2478 880 2508 reliquum
899 2480 937 2500 est
954 2483 1008 2500 non
1025 2476 1086 2499 solis
1106 2476 1151 2499 hu-

240 2512 322 2534 manis
342 2511 473 2542 consilijs,
491 2512 626 2543 praesidijs
646 2515 671 2535 et
695 2511 801 2536 viribus.
839 2510 892 2535 Sed
918 2511 967 2534 deo
991 2510 1153 2534 custodiente

241 2546 392 2569 societatem
412 2550 502 2569 contra
520 2546 642 2569 diabolos
668 2550 694 2569 et
717 2550 809 2570 contra
830 2545 964 2569 hominum
988 2544 1103 2573 furores,
1128 2548 1155 2567 et

241 2580 375 2609 mitigante
395 2580 456 2610 [sol.
479 2579 560 2611 1112]
581 2580 740 2604 calamitates
763 2585 868 2612 propter
890 2580 1047 2608 Ecclesiam,
1073 2582 1097 2602 et
1115 2579 1153 2602 iu-

242 2618 319 2638 uante
347 2614 487 2643 legitimam
513 2615 736 2645 gubernationem.
778 2614 852 2639 Sicut
876 2615 902 2638 in
927 2614 1024 2645 psalmo
1052 2613 1152 2637 dieitur.

609 155 722 188 PHlL.
747 154 849 188 MEL.
873 152 1060 187 SCRIPTA
1082 150 1350 184 DOGMATICA
1372 149 1429 183 ET
1452 149 1726 182 SYMBOLICA.

2111 151 2179 184 452

1284 244 1359 283 [fol.
1383 244 1486 284 111⁵]
1520 244 1691 277 Decemus
1724 244 1824 286 igitur
1857 244 1890 276 in
1922 250 1993 277 tota
2026 246 2178 278 doctrina

1197 287 1250 319 dei
1271 289 1337 328 {per
1365 287 1548 329 prophetas
1576 294 1607 319 et
1634 286 1821 328 Apostolos
1849 288 1970 319 tradita
1998 288 2176 323 adfirmari,

1197 330 1345 362 ordinem
1367 329 1555 372 politicum,
1590 332 1824 372 magistratuS,
1859 328 1967 373 legeS,
2000 330 2122 363 iudicia
2145 336 2178 363 et

1196 371 1374 414 legitimam
1409 374 1600 405 societatem
1634 373 1821 411 hominum,
1853 383 2061 416 nequaquam
2096 384 2179 407 casu

1198 417 1342 448 existere
1368 416 1401 447 in
1429 426 1552 457 genere
1575 416 1735 454 humano,
1767 415 1809 446 Et
1832 426 2019 458 quanquam
2041 415 2179 449 multum

1198 464 1250 491 est
1282 457 1488 491 horribilium
1522 458 1770 493 confusionum,
1805 469 1891 500 quae
1923 470 1944 491 a
1978 458 2110 490 diabolo
2146 465 2180 491 et

1197 502 1303 540 abffl')
1333 502 1502 533 hominum
1527 500 1696 534 furoribus
1730 502 1897 540 oriuntur,
1927 507 2037 533 tamen
2068 513 2088 533 a
2115 502 2179 534 deo

1197 544 1379 576 institutam
1398 554 1474 576 esse
1494 545 1563 584 [fol.
1578 545 1638 576 111
1651 546 1686 583 b]
1707 543 1887 587 legitimam
1906 545 2179 586 gubernationem

1197 593 1231 619 et
1248 588 1443 619 societatem
1461 586 1641 626 hominum,
1659 593 1691 619 et
1704 593 1863 629 quantum
1881 588 2006 619 ordinis
2019 586 2180 629 reliquum

1197 636 1321 668 manet,
1339 630 1500 662 immensa
1518 631 1667 663 bonitate
1680 632 1732 662 dei
1752 636 1885 672 propter
1896 629 2082 663 Ecclesiam
2102 640 2181 662 con-

1198 673 1336 704 seruari.
1406 674 1499 706 Sient
1526 673 1592 706 Ro:
1631 673 1677 706 13.
1709 674 1827 705 dicitur
1853 679 1885 705 et
1913 674 1946 704 in
1974 672 2180 714 psalmo,⁸¹)

1198 716 1270 747 Nisi
1299 715 1452 748 dominus
1485 716 1680 748 custodierit
1708 717 1890 752 ciuitatem,
1921 715 2045 747 frustra
2066 714 2181 758 vigilat
2213 752 2219 754 -

1199 759 1254 800 qui
1285 759 1428 790 custodit
1457 761 1604 797 eam.8²)
1655 759 1740 791 Sunt
1761 760 1860 801 igitur
1887 769 1942 791 res
1973 769 2035 791 suo
2059 768 2182 801 genere

1199 802 1308 833 bonae
1339 812 1456 843 gerere
1482 803 1716 843 magistratus,
1741 812 1817 834 esse
1839 803 1999 840 iudicem,
2024 811 2103 833 esse
2125 802 2182 833 mi-

1199 845 1339 876 nistrum
1374 845 1590 882 iudiciorum,
1623 843 1768 887 legitime
1796 845 1841 876 vti
1873 845 2026 886 iudieijs,
2063 854 2183 887 gerere

1199 886 1290 920 bella
1308 886 1467 929 legitima,
1486 893 1519 919 et
1537 897 1615 919 esse
1633 887 1768 919 militem
1785 888 1819 918 in
1837 885 1933 918 bellis
1949 887 2107 929 legitimis
2118 892 2181 919 etc.

1200 936 1233 963 et
1255 936 1365 973 potest
1388 929 1439 962 his
1463 932 1566 962 rebus
1589 931 1635 962 vti
1653 929 1752 962 homo
1771 929 1992 968 Christianus,
2015 930 2101 961 sicut
2122 931 2183 962 vti-

1200 979 1254 1005 tur
1288 974 1382 1012 cibo,
1405 975 1565 1015 potu,³³)
1593 973 1766 1015 remedijs,
1788 973 1965 1014 emptione,
1988 973 2184 1006 venditione.

1201 1016 1272 1049 Nee
1300 1023 1419 1057 peccat
1449 1026 1571 1059 gerens
1599 1017 1814 1059 magistratus
1843 1017 1935 1047 iuxta
1964 1016 2186 1055 vocationem,

1201 1069 1364 1092 exercens
1390 1060 1529 1098 iudicia,
1559 1058 1720 1098 militans,
1748 1057 1895 1101 legitimo
1919 1056 2082 1100 supplicio
2105 1058 2186 1090 adfi-

1202 1103 1295 1135 ciens
1320 1103 1561 1134 condemnatos
1581 1108 1644 1134 etc.

1288 1154 1487 1194 [fol.ll2²]
1518 1153 1561 1185 Et
1583 1154 1790 1196 magistratui
1817 1151 1952 1194 politico
1982 1153 2104 1184 subditi
2131 1153 2189 1184 de-

1202 1198 1281 1229 bent
1302 1197 1535 1234 obedientiam,
1557 1197 1652 1228 Sicut
1675 1195 1800 1228 Paulus
1824 1197 2004 1238 inquiam)
2038 1195 2113 1227 Non
2131 1205 2188 1227 so-

1201 1239 1268 1272 lum
1292 1246 1428 1281 propter
1453 1240 1551 1277 iram,
1585 1240 1618 1271 id
1641 1246 1694 1271 est
1722 1245 1811 1271 metu
1834 1248 1963 1280 poenae
1986 1238 2186 1278 corporalis,

1202 1293 1268 1324 qua
1290 1283 1488 1314 adficiuntur
1512 1288 1728 1314 contumaces
1755 1283 1797 1313 ab
1820 1282 1901 1323 ipsis
1924 1281 2188 1322 magistratibus,

1200 1326 1262 1357 sed
1285 1326 1382 1357 etiam
1404 1330 1539 1367 propter
1562 1325 1811 1362 conscientiam,
1844 1324 1877 1355 id
1896 1329 1948 1355 est
1970 1323 2187 1356 Contumacia

1201 1373 1254 1400 est
1272 1373 1446 1443 pemdatum
1468 1367 1641 1399 offendens
1666 1368 1764 1400 deum
1784 1372 1818 1399 et
1840 1365 1990 1399 auellens
2013 1366 2187 1399 conscien-

1200 1411 1280 1443 tiam
1301 1421 1322 1443 a
1367 1421 1418 1443 eo.

1286 1462 1385 1495 Hanc
1407 1462 1604 1495 sententiam
1627 1462 1769 1494 diuinam
1782 1460 1947 1504 Ecclesijs
1959 1461 2187 1503 proponimus,

1200 1516 1287 1548 quae
1309 1505 1474 1545 munitm»)
1498 1511 1697 1547 potestatem
1720 1504 1899 1547 legitimam
1924 1510 1954 1535 et
1977 1510 2081 1535 totum
2100 1504 2184 1534 ordi-

1199 1559 1277 1581 nem
1303 1547 1492 1590 politicum,
1516 1555 1549 1579 et
1579 1549 1784 1580 ostendimus
1807 1547 1984 1578 discrimen
2007 1544 2181 1588 Euangelij

1200 1598 1233 1624 et
1265 1591 1420 1634 politicae
1447 1592 1706 1633 gubernationis
1762 1588 1842 1622 Vult
1869 1590 1951 1621 deus
1979 1588 2051 1630 regi
2075 1594 2107 1620 et
2129 1598 2184 1620 co·

1199 1634 1328 1667 herceri
1351 1633 1487 1675 politica
1509 1634 1750 1676 gubernatione
1773 1642 1889 1663 omnes
1911 1631 2063 1663 homines
2087 1631 2184 1662 etiam

1199 1688 1267 1710 non
1290 1683 1438 1715 renatos,
1461 1687 1502 1708 ac
1523 1675 1636 1707 lucent
1655 1676 1688 1706 in
1706 1674 1770 1706 hac
1790 1674 2032 1717 gubernatione
2051 1682 2186 1714 quoque

1200 1721 1365 1763 sapientia
1388 1725 1421 1751 et
1443 1719 1514 1759 [fol.
1541 1719 1648 1756 1121‘]
1672 1717 1803 1749 iusticia
1826 1717 1879 1748 dei
1902 1722 1934 1748 et
1953 1716 2085 1748 bonitas
2104 1725 2186 1758 erga

1201 1773 1307 1806 genus
1340 1762 1529 1793 humanum.
1586 1761 1791 1802 Sapientiam
1821 1759 1964 1791 ostendit
1994 1759 2096 1799 ordo,
2129 1758 2184 1800 qui

1201 1813 1253 1838 est
1275 1805 1453 1837 discrimen
1482 1805 1635 1836 virtutum
1660 1809 1693 1835 et
1715 1803 1890 1839 viciorum,
1921 1808 1953 1833 et
1977 1801 2184 1834 consociatio

1200 1849 1367 1880 hominum
1391 1857 1449 1888 per
1472 1846 1619 1888 legitima
1638 1846 1775 1886 imperia
1797 1850 1829 1876 et
1854 1850 2047 1877 contractus
2065 1844 2185 1875 miran-

1202 1893 1244 1923 da
1268 1891 1429 1932 sapientia
1453 1891 1635 1921 ordinatoS.
1675 1888 1805 1920 Deinde
1826 1888 1955 1920 iusticia
1978 1887 2030 1919 dei
2054 1886 2187 1927 conspi-

1202 1935 1286 1966 citur
1309 1934 1341 1964 in
1364 1931 1500 1974 politica
1523 1932 1775 1974 gubernatione,
1798 1931 1876 1973 quia
1899 1929 1970 1962 vult
1992 1930 2100 1972 puniri
2118 1939 2186 1961 ma-

1201 1975 1322 2008 nifesta
1350 1974 1480 2007 scelera
1502 1986 1523 2006 a
1550 1975 1811 2017 magistratibus.
1856 1973 1899 2005 Et
1921 1984 1996 2005 cnm
2019 1973 2100 2014 ipsi,
2130 1972 2186 2014 qui

1201 2025 1380 2062 praesunt,
1397 2020 1450 2057 3⁶)
1483 2028 1551 2050 non
1585 2023 1718 2050 sumunt
1751 2015 1915 2058 supplicia
1948 2017 1989 2048 de
2021 2015 2185 2054 sontibus,

1272 2174 1330 2199 Nisi
1350 2174 1468 2198 dominus
1488 2173 1640 2197 custodierit
1659 2172 1799 2201 ciuitatem,
1816 2170 1911 2195 trustra
1928 2170 2020 2201 vigilat
2038 2169 2082 2200 qm'
2102 2172 2186 2193 cunto-

1273 2213 1396 2273 ωιῐιίἓῗιιὲ
1415 2242 1580 2266 adfirmamus
1599 2241 1777 2272 Magistratus,
1796 2238 1888 2270 Leges,
1905 2238 2006 2262 Iudicia
2024 2242 2049 2261 et
2067 2237 2184 2261 ordinem

1272 2278 1417 2309 politicum.

1204 2321 1250 2353 80)
1271 2319 1315 2351 ab]
1334 2321 1360 2344 in
1378 2320 1459 2344 Editt.
1482 2319 1555 2343 1-3.
1577 2319 1600 2343 8.
1619 2317 1693 2343 deest.

1205 2364 1251 2395 81)
1269 2361 1381 2395 psalmo]
1400 2363 1449 2421 fid&
1469 2363 1494 2387 4.
1519 2362 1546 2385 in
1562 2368 1658 2392 mary„
1683 2360 1763 2385 Editt.
1783 2359 1860 2384 5-7.
1886 2359 1912 2382 in
1935 2361 2004 2383 textu
2027 2357 2120 2382 addunt
2142 2364 2186 2383 nux

1273 2405 1378 2422 meram:
1453 2416 1457 2420 i

1206 2441 1253 2473 82)
1273 2440 1350 2473 θεοῦ]
1370 2441 1406 2464 sic
1425 2439 1508 2469 Cod.;
1527 2446 1597 2463 omn.
1614 2437 1710 2461 Editt.:
1729 2444 1785 2460 eam
1805 2439 1853 2460 etc.

1206 2483 1253 2515 83)
1274 2484 1347 2512 cibo,
1366 2482 1451 2514 potu,]
1470 2482 1551 2506 Editt.
1572 2481 1647 2505 1-3,
1667 2482 1704 2505 8.:
1724 2484 1801 2511 potu,
1821 2479 1887 2508 cibo,

1207 2527 1252 2556 84]
1272 2525 1367 2558 inquit]
1386 2526 1435 2550 Ed.
1447 2526 1471 2549 4.
1491 2525 1518 2548 in
1533 2532 1622 2556 marq.⁷
1640 2524 1721 2547 Editt.
1735 2523 1812 2546 5—7.
1831 2523 1857 2545 in
1875 2525 1945 2546 textu
1965 2520 2035 2545 add:
2055 2519 2130 2544 Rom.
2144 2519 2185 2545 13.

1208 2569 1254 2600 85)
1275 2567 1369 2601 munit]
1388 2568 1470 2592 Editt.
1492 2567 1565 2591 1—3.
1586 2568 1626 2591 8.:
1646 2566 1731 2590 innuit
1945 2560 1947 2564 ’

1208 2611 1254 2643 86)
1274 2611 1417 2643 praesnnt‚]
1434 2610 1516 2634 Editt.
1538 2610 1611 2634 1-3.
1632 2610 1671 2632 ἔξω
1691 2608 1812 2640 praesint,
