<?xml version="1.0" encoding="UTF-8"?>
<!DOCTYPE html PUBLIC "-//W3C//DTD XHTML 1.0 Transitional//EN"
    "http://www.w3.org/TR/xhtml1/DTD/xhtml1-transitional.dtd">
<html xmlns="http://www.w3.org/1999/xhtml" xml:lang="en" lang="en">
 <head>
  <title>
</title>
<meta http-equiv="Content-Type" content="text/html;charset=utf-8" />
  <meta name='ocr-system' content='tesseract 3.04.00' />
  <meta name='ocr-capabilities' content='ocr_page ocr_carea ocr_par ocr_line ocrx_word'/>
</head>
<body>
  <div class='ocr_page' id='page_1' title='image "./operaquaesupersu28melauoft/operaquaesupersu28melauoft_0435.png"; bbox 0 0 2299 2921; ppageno 0'>
   <div class='ocr_carea' id='block_1_1' title="bbox 177 98 2185 138">
    <p class='ocr_par' dir='ltr' id='par_1_1' title="bbox 177 98 2185 138">
     <span class='ocr_line' id='line_1_1' title="bbox 177 98 2185 138; baseline 0.002 -4"><span class='ocrx_word' id='word_1_1' title='bbox 177 101 243 134; x_wconf 73' lang='lat'>249</span> <span class='ocrx_word' id='word_1_2' title='bbox 353 101 393 133; x_wconf 88' lang='lat'>11.</span> <span class='ocrx_word' id='word_1_3' title='bbox 437 99 625 133; x_wconf 84' lang='lat' dir='ltr'><strong>INDICES.</strong></span> <span class='ocrx_word' id='word_1_4' title='bbox 671 100 713 133; x_wconf 92' lang='lat' dir='ltr'>H.</span> <span class='ocrx_word' id='word_1_5' title='bbox 736 99 877 132; x_wconf 88' lang='lat' dir='ltr'>INDEX</span> <span class='ocrx_word' id='word_1_6' title='bbox 899 99 1096 132; x_wconf 87' lang='lat' dir='ltr'>EPISTOL.</span> <span class='ocrx_word' id='word_1_7' title='bbox 1119 98 1233 132; x_wconf 88' lang='lat' dir='ltr'>PHIL.</span> <span class='ocrx_word' id='word_1_8' title='bbox 1257 98 1362 132; x_wconf 87' lang='lat' dir='ltr'>MEL.</span> <span class='ocrx_word' id='word_1_9' title='bbox 1384 98 1728 133; x_wconf 86' lang='lat' dir='ltr'>ALPHABETICUS</span> <span class='ocrx_word' id='word_1_10' title='bbox 1752 99 1806 131; x_wconf 88' lang='lat' dir='ltr'>PF</span> <span class='ocrx_word' id='word_1_11' title='bbox 1810 100 1839 132; x_wconf 83' lang='lat' dir='ltr'>R</span> <span class='ocrx_word' id='word_1_12' title='bbox 1860 101 2002 135; x_wconf 85' lang='lat' dir='ltr'>INITIA.</span> <span class='ocrx_word' id='word_1_13' title='bbox 2119 104 2185 138; x_wconf 79' lang='lat'>250</span> 
     </span>
    </p>
   </div>
   <div class='ocr_carea' id='block_1_2' title="bbox 216 194 2146 1004">
    <p class='ocr_par' dir='ltr' id='par_1_2' title="bbox 221 194 1968 234">
     <span class='ocr_line' id='line_1_2' title="bbox 221 194 1968 234; baseline 0.001 -9"><span class='ocrx_word' id='word_1_14' title='bbox 221 197 296 228; x_wconf 90' lang='lat' dir='ltr'>Cum</span> <span class='ocrx_word' id='word_1_15' title='bbox 314 205 407 234; x_wconf 88' lang='lat' dir='ltr'><strong>nuper</strong></span> <span class='ocrx_word' id='word_1_16' title='bbox 429 195 554 225; x_wconf 86' lang='lat' dir='ltr'>brevius.</span> <span class='ocrx_word' id='word_1_17' title='bbox 579 195 664 231; x_wconf 88' lang='lat' dir='ltr'>VIII,</span> <span class='ocrx_word' id='word_1_18' title='bbox 689 195 760 225; x_wconf 88' lang='lat'>818.</span> <span class='ocrx_word' id='word_1_19' title='bbox 1251 195 1392 224; x_wconf 84' lang='lat' dir='ltr'>Pastores</span> <span class='ocrx_word' id='word_1_20' title='bbox 1415 194 1615 224; x_wconf 86' lang='lat' dir='ltr'>Ecclesiarum</span> <span class='ocrx_word' id='word_1_21' title='bbox 1637 195 1785 224; x_wconf 81' lang='lat' dir='ltr'><strong>articulos.</strong></span> <span class='ocrx_word' id='word_1_22' title='bbox 1816 196 1873 232; x_wconf 90' lang='lat' dir='ltr'>IX,</span> <span class='ocrx_word' id='word_1_23' title='bbox 1899 200 1968 229; x_wconf 94' lang='lat'>111.</span> 
     </span>
    </p>

    <p class='ocr_par' dir='ltr' id='par_1_3' title="bbox 220 236 1923 277">
     <span class='ocr_line' id='line_1_3' title="bbox 220 236 1923 277; baseline -0.001 -8"><span class='ocrx_word' id='word_1_24' title='bbox 220 240 296 270; x_wconf 87' lang='lat' dir='ltr'>Cum</span> <span class='ocrx_word' id='word_1_25' title='bbox 313 239 424 268; x_wconf 84' lang='lat' dir='ltr'>Paulus</span> <span class='ocrx_word' id='word_1_26' title='bbox 445 239 534 268; x_wconf 90' lang='lat' dir='ltr'>iubet.</span> <span class='ocrx_word' id='word_1_27' title='bbox 558 237 645 274; x_wconf 87' lang='lat' dir='ltr'>VIII,</span> <span class='ocrx_word' id='word_1_28' title='bbox 669 239 740 268; x_wconf 81' lang='lat'>856.</span> <span class='ocrx_word' id='word_1_29' title='bbox 1252 236 1341 272; x_wconf 85' lang='lat' dir='ltr'>Quod</span> <span class='ocrx_word' id='word_1_30' title='bbox 1363 237 1443 266; x_wconf 86' lang='lat' dir='ltr'>filius</span> <span class='ocrx_word' id='word_1_31' title='bbox 1464 237 1524 267; x_wconf 87' lang='lat' dir='ltr'>Dei</span> <span class='ocrx_word' id='word_1_32' title='bbox 1545 239 1574 266; x_wconf 91' lang='lat' dir='ltr'>in</span> <span class='ocrx_word' id='word_1_33' title='bbox 1598 247 1702 277; x_wconf 86' lang='lat' dir='ltr'>agone.</span> <span class='ocrx_word' id='word_1_34' title='bbox 1737 239 1806 275; x_wconf 93' lang='lat' dir='ltr'>VII,</span> <span class='ocrx_word' id='word_1_35' title='bbox 1832 241 1923 270; x_wconf 91' lang='lat'>1144.</span> 
     </span>
    </p>

    <p class='ocr_par' dir='ltr' id='par_1_4' title="bbox 219 279 2070 448">
     <span class='ocr_line' id='line_1_4' title="bbox 221 279 2070 322; baseline -0.001 -10"><span class='ocrx_word' id='word_1_36' title='bbox 221 283 297 314; x_wconf 90' lang='lat' dir='ltr'>Cum</span> <span class='ocrx_word' id='word_1_37' title='bbox 319 287 362 311; x_wconf 88' lang='lat' dir='ltr'>tot</span> <span class='ocrx_word' id='word_1_38' title='bbox 383 291 476 310; x_wconf 89' lang='lat' dir='ltr'>annos</span> <span class='ocrx_word' id='word_1_39' title='bbox 499 285 528 309; x_wconf 87' lang='lat' dir='ltr'>et</span> <span class='ocrx_word' id='word_1_40' title='bbox 549 281 692 310; x_wconf 85' lang='lat' dir='ltr'>laborum.</span> <span class='ocrx_word' id='word_1_41' title='bbox 727 280 813 318; x_wconf 83' lang='lat' dir='ltr'>VIII,</span> <span class='ocrx_word' id='word_1_42' title='bbox 836 281 907 311; x_wconf 85' lang='lat'>421.</span> <span class='ocrx_word' id='word_1_43' title='bbox 1252 279 1378 315; x_wconf 79' lang='lat' dir='ltr'>Quoties</span> <span class='ocrx_word' id='word_1_44' title='bbox 1399 280 1500 309; x_wconf 86' lang='lat' dir='ltr'><strong>Albim</strong></span> <span class='ocrx_word' id='word_1_45' title='bbox 1521 281 1609 319; x_wconf 89' lang='lat' dir='ltr'>pleno</span> <span class='ocrx_word' id='word_1_46' title='bbox 1638 283 1776 310; x_wconf 88' lang='lat' dir='ltr'>fluentem</span> <span class='ocrx_word' id='word_1_47' title='bbox 1798 282 1892 313; x_wconf 85' lang='lat' dir='ltr'>alveo.</span> <span class='ocrx_word' id='word_1_48' title='bbox 1918 283 1973 322; x_wconf 85' lang='lat' dir='ltr'>IX,</span> <span class='ocrx_word' id='word_1_49' title='bbox 1998 287 2070 317; x_wconf 73' lang='lat'>850,</span> 
     </span>
     <span class='ocr_line' id='line_1_5' title="bbox 219 322 1957 362; baseline -0.002 -7"><span class='ocrx_word' id='word_1_50' title='bbox 219 326 268 356; x_wconf 85' lang='lat' dir='ltr'>De</span> <span class='ocrx_word' id='word_1_51' title='bbox 287 325 433 362; x_wconf 89' lang='lat' dir='ltr'>colloquio</span> <span class='ocrx_word' id='word_1_52' title='bbox 455 324 602 354; x_wconf 84' lang='lat' dir='ltr'>inchoato.</span> <span class='ocrx_word' id='word_1_53' title='bbox 628 323 684 359; x_wconf 92' lang='lat' dir='ltr'>IX,</span> <span class='ocrx_word' id='word_1_54' title='bbox 708 324 780 353; x_wconf 77' lang='lat'>426.</span> <span class='ocrx_word' id='word_1_55' title='bbox 1253 322 1350 362; x_wconf 81' lang='lat' dir='ltr'>Saepe</span> <span class='ocrx_word' id='word_1_56' title='bbox 1373 323 1473 351; x_wconf 87' lang='lat' dir='ltr'>audivi</span> <span class='ocrx_word' id='word_1_57' title='bbox 1494 333 1589 352; x_wconf 87' lang='lat' dir='ltr'>meam</span> <span class='ocrx_word' id='word_1_58' title='bbox 1612 325 1774 362; x_wconf 85' lang='lat' dir='ltr'>coniugem.</span> <span class='ocrx_word' id='word_1_59' title='bbox 1805 324 1862 360; x_wconf 85' lang='lat' dir='ltr'>IX,</span> <span class='ocrx_word' id='word_1_60' title='bbox 1885 327 1957 357; x_wconf 72' lang='grc'><strong>813,</strong></span> 
     </span>
     <span class='ocr_line' id='line_1_6' title="bbox 220 365 1974 405; baseline 0.001 -8"><span class='ocrx_word' id='word_1_61' title='bbox 220 368 466 402; x_wconf 86' lang='lat' dir='ltr'>Declarationem‚</span> <span class='ocrx_word' id='word_1_62' title='bbox 489 377 576 404; x_wconf 90' lang='lat' dir='ltr'>quam</span> <span class='ocrx_word' id='word_1_63' title='bbox 594 367 647 397; x_wconf 80' lang='lat' dir='ltr'>sic.</span> <span class='ocrx_word' id='word_1_64' title='bbox 677 366 747 401; x_wconf 91' lang='lat' dir='ltr'>VII,</span> <span class='ocrx_word' id='word_1_65' title='bbox 773 366 844 395; x_wconf 76' lang='lat'>827.</span> <span class='ocrx_word' id='word_1_66' title='bbox 1253 365 1350 404; x_wconf 81' lang='lat' dir='ltr'>Saepe</span> <span class='ocrx_word' id='word_1_67' title='bbox 1368 367 1495 403; x_wconf 86' lang='lat' dir='ltr'>cogitavi</span> <span class='ocrx_word' id='word_1_68' title='bbox 1518 367 1573 395; x_wconf 88' lang='lat' dir='ltr'>hoe</span> <span class='ocrx_word' id='word_1_69' title='bbox 1601 367 1770 405; x_wconf 83' lang='lat' dir='ltr'>aliquando.</span> <span class='ocrx_word' id='word_1_70' title='bbox 1808 368 1878 403; x_wconf 92' lang='lat' dir='ltr'>VII,</span> <span class='ocrx_word' id='word_1_71' title='bbox 1902 370 1974 401; x_wconf 79' lang='lat'>442,</span> 
     </span>
     <span class='ocr_line' id='line_1_7' title="bbox 219 407 1895 448; baseline 0.001 -9"><span class='ocrx_word' id='word_1_72' title='bbox 219 411 299 440; x_wconf 88' lang='lat' dir='ltr'>Dedi</span> <span class='ocrx_word' id='word_1_73' title='bbox 321 411 386 448; x_wconf 91' lang='lat' dir='ltr'>ipse</span> <span class='ocrx_word' id='word_1_74' title='bbox 410 410 530 438; x_wconf 90' lang='lat' dir='ltr'>domino</span> <span class='ocrx_word' id='word_1_75' title='bbox 552 410 698 438; x_wconf 83' lang='lat' dir='ltr'>Pontano.</span> <span class='ocrx_word' id='word_1_76' title='bbox 720 409 758 444; x_wconf 90' lang='lat' dir='ltr'>V,</span> <span class='ocrx_word' id='word_1_77' title='bbox 782 409 854 438; x_wconf 87' lang='lat'>729.</span> <span class='ocrx_word' id='word_1_78' title='bbox 1253 407 1321 437; x_wconf 88' lang='lat' dir='ltr'>Seio</span> <span class='ocrx_word' id='word_1_79' title='bbox 1345 409 1429 437; x_wconf 91' lang='lat' dir='ltr'>bonis</span> <span class='ocrx_word' id='word_1_80' title='bbox 1452 409 1520 438; x_wconf 90' lang='lat' dir='ltr'>viris</span> <span class='ocrx_word' id='word_1_81' title='bbox 1542 407 1708 440; x_wconf 71' lang='lat' dir='ltr'>iu‘cundam.</span> <span class='ocrx_word' id='word_1_82' title='bbox 1742 409 1799 445; x_wconf 87' lang='lat' dir='ltr'>IX,</span> <span class='ocrx_word' id='word_1_83' title='bbox 1824 411 1895 441; x_wconf 88' lang='lat'>600.</span> 
     </span>
    </p>

    <p class='ocr_par' dir='ltr' id='par_1_5' title="bbox 218 450 1942 491">
     <span class='ocr_line' id='line_1_8' title="bbox 218 450 1942 491; baseline 0.001 -10"><span class='ocrx_word' id='word_1_84' title='bbox 218 454 278 483; x_wconf 92' lang='lat' dir='ltr'>Dei</span> <span class='ocrx_word' id='word_1_85' title='bbox 302 453 441 482; x_wconf 88' lang='lat' dir='ltr'>beneficio</span> <span class='ocrx_word' id='word_1_86' title='bbox 463 453 511 482; x_wconf 87' lang='lat' dir='ltr'>hic</span> <span class='ocrx_word' id='word_1_87' title='bbox 541 452 696 481; x_wconf 85' lang='lat' dir='ltr'>mediocris</span> <span class='ocrx_word' id='word_1_88' title='bbox 718 452 923 489; x_wconf 87' lang='lat' dir='ltr'>tranquillitas.</span> <span class='ocrx_word' id='word_1_89' title='bbox 948 451 1005 488; x_wconf 88' lang='lat' dir='ltr'>IX,</span> <span class='ocrx_word' id='word_1_90' title='bbox 1029 452 1101 482; x_wconf 87' lang='grc'><strong>578.</strong></span> <span class='ocrx_word' id='word_1_91' title='bbox 1253 450 1323 481; x_wconf 87' lang='lat' dir='ltr'>Scio</span> <span class='ocrx_word' id='word_1_92' title='bbox 1342 451 1398 480; x_wconf 85' lang='lat' dir='ltr'>hoo</span> <span class='ocrx_word' id='word_1_93' title='bbox 1420 457 1552 489; x_wconf 89' lang='lat' dir='ltr'>tempore</span> <span class='ocrx_word' id='word_1_94' title='bbox 1574 453 1724 491; x_wconf 84' lang='lat' dir='ltr'>inclytum.</span> <span class='ocrx_word' id='word_1_95' title='bbox 1760 453 1846 489; x_wconf 93' lang='lat' dir='ltr'>VIII,</span> <span class='ocrx_word' id='word_1_96' title='bbox 1872 456 1942 485; x_wconf 87' lang='lat'>151.</span> 
     </span>
    </p>

    <p class='ocr_par' dir='ltr' id='par_1_6' title="bbox 218 493 1885 534">
     <span class='ocr_line' id='line_1_9' title="bbox 218 493 1885 534; baseline 0.001 -10"><span class='ocrx_word' id='word_1_97' title='bbox 218 496 278 526; x_wconf 88' lang='lat' dir='ltr'>Dei</span> <span class='ocrx_word' id='word_1_98' title='bbox 299 496 441 525; x_wconf 87' lang='lat' dir='ltr'>beneficio</span> <span class='ocrx_word' id='word_1_99' title='bbox 463 504 615 534; x_wconf 83' lang='lat' dir='ltr'>speramus</span> <span class='ocrx_word' id='word_1_100' title='bbox 637 505 735 524; x_wconf 82' lang='lat' dir='ltr'>aerem</span> <span class='ocrx_word' id='word_1_101' title='bbox 752 495 824 525; x_wconf 83' lang='lat' dir='ltr'>fore.</span> <span class='ocrx_word' id='word_1_102' title='bbox 850 494 935 530; x_wconf 86' lang='lat' dir='ltr'>VIII,</span> <span class='ocrx_word' id='word_1_103' title='bbox 962 496 1009 525; x_wconf 88' lang='lat'>19.</span> <span class='ocrx_word' id='word_1_104' title='bbox 1254 493 1322 523; x_wconf 83' lang='lat' dir='ltr'>Scio</span> <span class='ocrx_word' id='word_1_105' title='bbox 1344 494 1374 522; x_wconf 90' lang='lat' dir='ltr'>in</span> <span class='ocrx_word' id='word_1_106' title='bbox 1393 494 1450 523; x_wconf 86' lang='lat' dir='ltr'>hoe</span> <span class='ocrx_word' id='word_1_107' title='bbox 1473 499 1555 524; x_wconf 86' lang='lat' dir='ltr'>tanto</span> <span class='ocrx_word' id='word_1_108' title='bbox 1576 497 1709 526; x_wconf 86' lang='lat' dir='ltr'><strong>tumultu.</strong></span> <span class='ocrx_word' id='word_1_109' title='bbox 1735 496 1789 531; x_wconf 87' lang='lat' dir='ltr'>VI,</span> <span class='ocrx_word' id='word_1_110' title='bbox 1814 498 1885 527; x_wconf 91' lang='grc'><strong>207.</strong></span> 
     </span>
    </p>

    <p class='ocr_par' dir='ltr' id='par_1_7' title="bbox 218 536 1954 575">
     <span class='ocr_line' id='line_1_10' title="bbox 218 536 1954 575; baseline 0 -6"><span class='ocrx_word' id='word_1_111' title='bbox 218 539 302 569; x_wconf 89' lang='lat' dir='ltr'>Deus</span> <span class='ocrx_word' id='word_1_112' title='bbox 324 539 457 567; x_wconf 85' lang='lat' dir='ltr'>conditor</span> <span class='ocrx_word' id='word_1_113' title='bbox 478 539 562 568; x_wconf 85' lang='lat' dir='ltr'>coeli.</span> <span class='ocrx_word' id='word_1_114' title='bbox 587 537 644 574; x_wconf 90' lang='lat' dir='ltr'>IX,</span> <span class='ocrx_word' id='word_1_115' title='bbox 668 539 740 567; x_wconf 85' lang='lat'>423.</span> <span class='ocrx_word' id='word_1_116' title='bbox 1254 536 1323 566; x_wconf 87' lang='lat' dir='ltr'>Scio</span> <span class='ocrx_word' id='word_1_117' title='bbox 1344 537 1375 565; x_wconf 89' lang='lat' dir='ltr'>iu</span> <span class='ocrx_word' id='word_1_118' title='bbox 1397 537 1522 566; x_wconf 86' lang='lat' dir='ltr'>Polonia</span> <span class='ocrx_word' id='word_1_119' title='bbox 1544 539 1652 567; x_wconf 88' lang='lat' dir='ltr'>multos</span> <span class='ocrx_word' id='word_1_120' title='bbox 1676 549 1747 568; x_wconf 89' lang='lat' dir='ltr'>esse.</span> <span class='ocrx_word' id='word_1_121' title='bbox 1772 539 1858 575; x_wconf 88' lang='lat' dir='ltr'>VIII,</span> <span class='ocrx_word' id='word_1_122' title='bbox 1882 541 1954 571; x_wconf 85' lang='lat'>449.</span> 
     </span>
    </p>

    <p class='ocr_par' dir='ltr' id='par_1_8' title="bbox 218 578 1918 619">
     <span class='ocr_line' id='line_1_11' title="bbox 218 578 1918 619; baseline 0.001 -8"><span class='ocrx_word' id='word_1_123' title='bbox 218 582 278 611; x_wconf 84' lang='lat' dir='ltr'>Die</span> <span class='ocrx_word' id='word_1_124' title='bbox 300 582 452 610; x_wconf 83' lang='lat' dir='ltr'><strong>Februarii</strong></span> <span class='ocrx_word' id='word_1_125' title='bbox 477 583 524 611; x_wconf 89' lang='lat'>19.</span> <span class='ocrx_word' id='word_1_126' title='bbox 549 582 649 619; x_wconf 82' lang='lat' dir='ltr'>accepi</span> <span class='ocrx_word' id='word_1_127' title='bbox 671 581 744 608; x_wconf 87' lang='lat' dir='ltr'>duas</span> <span class='ocrx_word' id='word_1_128' title='bbox 768 580 914 618; x_wconf 78' lang='lat' dir='ltr'>epistolas,</span> <span class='ocrx_word' id='word_1_129' title='bbox 940 580 996 616; x_wconf 91' lang='lat' dir='ltr'>IX,</span> <span class='ocrx_word' id='word_1_130' title='bbox 1022 581 1113 610; x_wconf 82' lang='grc'><strong>1057.</strong></span> <span class='ocrx_word' id='word_1_131' title='bbox 1253 578 1320 608; x_wconf 89' lang='lat' dir='ltr'>Scio</span> <span class='ocrx_word' id='word_1_132' title='bbox 1343 589 1479 618; x_wconf 88' lang='lat' dir='ltr'>magnum</span> <span class='ocrx_word' id='word_1_133' title='bbox 1502 586 1530 609; x_wconf 91' lang='lat' dir='ltr'>et</span> <span class='ocrx_word' id='word_1_134' title='bbox 1547 582 1702 619; x_wconf 84' lang='lat' dir='ltr'>singulare.</span> <span class='ocrx_word' id='word_1_135' title='bbox 1738 581 1822 618; x_wconf 77' lang='lat' dir='ltr'>VIII,</span> <span class='ocrx_word' id='word_1_136' title='bbox 1847 583 1918 612; x_wconf 86' lang='lat'>676.</span> 
     </span>
    </p>

    <p class='ocr_par' dir='ltr' id='par_1_9' title="bbox 218 617 1756 660">
     <span class='ocr_line' id='line_1_12' title="bbox 218 617 1756 660; baseline -0.001 -6"><span class='ocrx_word' id='word_1_137' title='bbox 218 625 314 654; x_wconf 90' lang='lat' dir='ltr'>Doleo</span> <span class='ocrx_word' id='word_1_138' title='bbox 336 617 453 653; x_wconf 58' lang='lat' dir='ltr'>tantam&#39;</span> <span class='ocrx_word' id='word_1_139' title='bbox 469 625 589 654; x_wconf 83' lang='lat' dir='ltr'>rabiem.</span> <span class='ocrx_word' id='word_1_140' title='bbox 614 623 701 658; x_wconf 89' lang='lat' dir='ltr'>VIII,</span> <span class='ocrx_word' id='word_1_141' title='bbox 725 624 797 652; x_wconf 86' lang='lat'>850.</span> <span class='ocrx_word' id='word_1_142' title='bbox 1253 621 1321 652; x_wconf 86' lang='lat' dir='ltr'>Scio</span> <span class='ocrx_word' id='word_1_143' title='bbox 1344 627 1372 651; x_wconf 88' lang='lat' dir='ltr'>te</span> <span class='ocrx_word' id='word_1_144' title='bbox 1395 623 1554 654; x_wconf 86' lang='lat' dir='ltr'>hominum.</span> <span class='ocrx_word' id='word_1_145' title='bbox 1580 624 1664 660; x_wconf 89' lang='lat' dir='ltr'>VIII,</span> <span class='ocrx_word' id='word_1_146' title='bbox 1685 625 1756 654; x_wconf 79' lang='lat'>625.</span> 
     </span>
    </p>

    <p class='ocr_par' dir='ltr' id='par_1_10' title="bbox 218 664 2006 747">
     <span class='ocr_line' id='line_1_13' title="bbox 218 664 2006 704; baseline 0.001 -7"><span class='ocrx_word' id='word_1_147' title='bbox 218 669 272 697; x_wconf 91' lang='lat' dir='ltr'>Est</span> <span class='ocrx_word' id='word_1_148' title='bbox 294 667 413 696; x_wconf 89' lang='lat' dir='ltr'>omnino</span> <span class='ocrx_word' id='word_1_149' title='bbox 436 667 527 696; x_wconf 83' lang='lat' dir='ltr'>virtus</span> <span class='ocrx_word' id='word_1_150' title='bbox 549 668 664 704; x_wconf 89' lang='lat' dir='ltr'>ingens.</span> <span class='ocrx_word' id='word_1_151' title='bbox 698 665 784 700; x_wconf 84' lang='lat' dir='ltr'>VIII,</span> <span class='ocrx_word' id='word_1_152' title='bbox 808 665 879 695; x_wconf 86' lang='lat'>221.</span> <span class='ocrx_word' id='word_1_153' title='bbox 1253 664 1322 694; x_wconf 84' lang='lat' dir='ltr'>Scio</span> <span class='ocrx_word' id='word_1_154' title='bbox 1345 665 1427 695; x_wconf 83' lang='lat' dir='ltr'>vobis</span> <span class='ocrx_word' id='word_1_155' title='bbox 1450 676 1509 694; x_wconf 90' lang='lat' dir='ltr'>non</span> <span class='ocrx_word' id='word_1_156' title='bbox 1531 667 1634 696; x_wconf 82' lang='lat' dir='ltr'>deesse</span> <span class='ocrx_word' id='word_1_157' title='bbox 1656 667 1818 698; x_wconf 89' lang='lat' dir='ltr'>consilium.</span> <span class='ocrx_word' id='word_1_158' title='bbox 1841 668 1910 704; x_wconf 89' lang='lat' dir='ltr'>VII,</span> <span class='ocrx_word' id='word_1_159' title='bbox 1936 670 2006 699; x_wconf 86' lang='lat'>853.</span> 
     </span>
     <span class='ocr_line' id='line_1_14' title="bbox 218 707 1960 747; baseline 0.002 -9"><span class='ocrx_word' id='word_1_160' title='bbox 218 710 259 739; x_wconf 90' lang='lat' dir='ltr'>Et</span> <span class='ocrx_word' id='word_1_161' title='bbox 281 711 374 738; x_wconf 87' lang='lat' dir='ltr'>virum</span> <span class='ocrx_word' id='word_1_162' title='bbox 397 710 504 738; x_wconf 90' lang='lat' dir='ltr'>bonum</span> <span class='ocrx_word' id='word_1_163' title='bbox 527 714 555 738; x_wconf 84' lang='lat' dir='ltr'>et</span> <span class='ocrx_word' id='word_1_164' title='bbox 577 714 703 747; x_wconf 83' lang='lat' dir='ltr'>poetam.</span> <span class='ocrx_word' id='word_1_165' title='bbox 726 708 784 745; x_wconf 88' lang='lat' dir='ltr'>IX,</span> <span class='ocrx_word' id='word_1_166' title='bbox 810 709 901 737; x_wconf 86' lang='grc'><strong>1057.</strong></span> <span class='ocrx_word' id='word_1_167' title='bbox 1253 707 1340 737; x_wconf 86' lang='lat' dir='ltr'>Scitis</span> <span class='ocrx_word' id='word_1_168' title='bbox 1363 709 1502 747; x_wconf 86' lang='lat' dir='ltr'>seriptum</span> <span class='ocrx_word' id='word_1_169' title='bbox 1524 719 1598 746; x_wconf 87' lang='lat' dir='ltr'>esse,</span> <span class='ocrx_word' id='word_1_170' title='bbox 1625 711 1743 741; x_wconf 80' lang='lat' dir='ltr'>Beatus.</span> <span class='ocrx_word' id='word_1_171' title='bbox 1778 711 1863 747; x_wconf 89' lang='lat' dir='ltr'>VIII,</span> <span class='ocrx_word' id='word_1_172' title='bbox 1889 712 1960 742; x_wconf 83' lang='lat'>406.</span> 
     </span>
    </p>

    <p class='ocr_par' dir='ltr' id='par_1_11' title="bbox 218 749 2047 833">
     <span class='ocr_line' id='line_1_15' title="bbox 218 749 2047 792; baseline 0.001 -10"><span class='ocrx_word' id='word_1_173' title='bbox 218 753 283 782; x_wconf 82' lang='lat' dir='ltr'>Etsi</span> <span class='ocrx_word' id='word_1_174' title='bbox 307 752 431 781; x_wconf 82' lang='lat' dir='ltr'><strong>arbitror</strong></span> <span class='ocrx_word' id='word_1_175' title='bbox 452 761 504 781; x_wconf 83' lang='lat' dir='ltr'>vos</span> <span class='ocrx_word' id='word_1_176' title='bbox 526 754 594 782; x_wconf 79' lang='lat' dir='ltr'>iam.</span> <span class='ocrx_word' id='word_1_177' title='bbox 619 752 672 787; x_wconf 90' lang='lat' dir='ltr'>VI,</span> <span class='ocrx_word' id='word_1_178' title='bbox 697 752 768 781; x_wconf 90' lang='lat'>957.</span> <span class='ocrx_word' id='word_1_179' title='bbox 1253 749 1364 789; x_wconf 84' lang='lat' dir='ltr'><strong>Scripsi</strong></span> <span class='ocrx_word' id='word_1_180' title='bbox 1382 753 1419 780; x_wconf 85' lang='lat' dir='ltr'>ad</span> <span class='ocrx_word' id='word_1_181' title='bbox 1441 757 1470 780; x_wconf 88' lang='lat' dir='ltr'>te</span> <span class='ocrx_word' id='word_1_182' title='bbox 1491 763 1584 791; x_wconf 88' lang='lat' dir='ltr'><strong>nuper</strong></span> <span class='ocrx_word' id='word_1_183' title='bbox 1607 754 1643 782; x_wconf 82' lang='lat' dir='ltr'>de</span> <span class='ocrx_word' id='word_1_184' title='bbox 1665 755 1840 792; x_wconf 83' lang='lat' dir='ltr'>praesentia.</span> <span class='ocrx_word' id='word_1_185' title='bbox 1866 754 1952 791; x_wconf 90' lang='lat' dir='ltr'>VIII,</span> <span class='ocrx_word' id='word_1_186' title='bbox 1976 755 2047 786; x_wconf 87' lang='lat'>662.</span> 
     </span>
     <span class='ocr_line' id='line_1_16' title="bbox 218 792 1940 833; baseline 0.002 -9"><span class='ocrx_word' id='word_1_187' title='bbox 218 795 284 824; x_wconf 83' lang='lat' dir='ltr'>Etsi</span> <span class='ocrx_word' id='word_1_188' title='bbox 306 795 417 824; x_wconf 83' lang='lat' dir='ltr'>familia</span> <span class='ocrx_word' id='word_1_189' title='bbox 438 805 519 823; x_wconf 87' lang='lat' dir='ltr'>meae</span> <span class='ocrx_word' id='word_1_190' title='bbox 539 805 667 825; x_wconf 80' lang='lat' dir='ltr'>mensae.</span> <span class='ocrx_word' id='word_1_191' title='bbox 694 795 731 830; x_wconf 93' lang='lat' dir='ltr'>V,</span> <span class='ocrx_word' id='word_1_192' title='bbox 754 795 825 825; x_wconf 82' lang='lat'>856.</span> <span class='ocrx_word' id='word_1_193' title='bbox 1253 792 1365 832; x_wconf 86' lang='lat' dir='ltr'><strong>Scripsi</strong></span> <span class='ocrx_word' id='word_1_194' title='bbox 1387 794 1425 824; x_wconf 93' lang='lat' dir='ltr'>D.</span> <span class='ocrx_word' id='word_1_195' title='bbox 1451 796 1563 824; x_wconf 85' lang='lat' dir='ltr'>doctori</span> <span class='ocrx_word' id='word_1_196' title='bbox 1586 797 1728 827; x_wconf 90' lang='lat' dir='ltr'>Musculo.</span> <span class='ocrx_word' id='word_1_197' title='bbox 1753 796 1822 833; x_wconf 94' lang='lat' dir='ltr'>VII,</span> <span class='ocrx_word' id='word_1_198' title='bbox 1848 798 1940 828; x_wconf 84' lang='lat'>1142.</span> 
     </span>
    </p>

    <p class='ocr_par' dir='ltr' id='par_1_12' title="bbox 217 835 2146 918">
     <span class='ocr_line' id='line_1_17' title="bbox 218 835 2146 878; baseline 0.003 -12"><span class='ocrx_word' id='word_1_199' title='bbox 218 838 284 867; x_wconf 80' lang='lat' dir='ltr'>Etsi</span> <span class='ocrx_word' id='word_1_200' title='bbox 306 838 447 874; x_wconf 85' lang='lat' dir='ltr'>gratulari</span> <span class='ocrx_word' id='word_1_201' title='bbox 470 838 617 868; x_wconf 90' lang='lat' dir='ltr'>debemus.</span> <span class='ocrx_word' id='word_1_202' title='bbox 641 838 711 873; x_wconf 91' lang='lat' dir='ltr'>VII,</span> <span class='ocrx_word' id='word_1_203' title='bbox 730 838 801 867; x_wconf 85' lang='lat'>559.</span> <span class='ocrx_word' id='word_1_204' title='bbox 1253 835 1378 874; x_wconf 80' lang='lat' dir='ltr'><strong>Scripsit</strong></span> <span class='ocrx_word' id='word_1_205' title='bbox 1400 838 1437 866; x_wconf 88' lang='lat' dir='ltr'>ad</span> <span class='ocrx_word' id='word_1_206' title='bbox 1460 848 1506 866; x_wconf 84' lang='lat' dir='ltr'>me</span> <span class='ocrx_word' id='word_1_207' title='bbox 1529 838 1576 869; x_wconf 89' lang='lat' dir='ltr'>Ill.</span> <span class='ocrx_word' id='word_1_208' title='bbox 1598 839 1647 870; x_wconf 84' lang='lat' dir='ltr'>Pr.</span> <span class='ocrx_word' id='word_1_209' title='bbox 1672 840 1825 869; x_wconf 88' lang='lat' dir='ltr'>Palatinus</span> <span class='ocrx_word' id='word_1_210' title='bbox 1848 840 1975 871; x_wconf 83' lang='lat' dir='ltr'>Elector.</span> <span class='ocrx_word' id='word_1_211' title='bbox 1994 841 2052 878; x_wconf 88' lang='lat' dir='ltr'>IX,</span> <span class='ocrx_word' id='word_1_212' title='bbox 2075 843 2146 872; x_wconf 83' lang='lat'>736.</span> 
     </span>
     <span class='ocr_line' id='line_1_18' title="bbox 217 878 1873 918; baseline 0.002 -8"><span class='ocrx_word' id='word_1_213' title='bbox 217 881 283 910; x_wconf 85' lang='lat' dir='ltr'>Etsi</span> <span class='ocrx_word' id='word_1_214' title='bbox 306 881 364 909; x_wconf 85' lang='lat' dir='ltr'>iam</span> <span class='ocrx_word' id='word_1_215' title='bbox 391 881 458 909; x_wconf 90' lang='lat' dir='ltr'>dedi</span> <span class='ocrx_word' id='word_1_216' title='bbox 479 881 580 910; x_wconf 86' lang='lat' dir='ltr'><strong>literas</strong></span> <span class='ocrx_word' id='word_1_217' title='bbox 602 882 697 909; x_wconf 89' lang='lat' dir='ltr'>amico</span> <span class='ocrx_word' id='word_1_218' title='bbox 720 884 819 908; x_wconf 88' lang='lat' dir='ltr'>nostro</span> <span class='ocrx_word' id='word_1_219' title='bbox 842 879 956 909; x_wconf 86' lang='lat' dir='ltr'>Ioanni.</span> <span class='ocrx_word' id='word_1_220' title='bbox 981 878 1037 915; x_wconf 87' lang='lat' dir='ltr'>IX,</span> <span class='ocrx_word' id='word_1_221' title='bbox 1063 880 1155 910; x_wconf 85' lang='lat'>1058.</span> <span class='ocrx_word' id='word_1_222' title='bbox 1253 878 1377 918; x_wconf 85' lang='lat' dir='ltr'><strong>Scripsit</strong></span> <span class='ocrx_word' id='word_1_223' title='bbox 1399 880 1569 910; x_wconf 83' lang='lat' dir='ltr'>Ferinarius</span> <span class='ocrx_word' id='word_1_224' title='bbox 1591 891 1716 912; x_wconf 87' lang='lat' dir='ltr'>carmen.</span> <span class='ocrx_word' id='word_1_225' title='bbox 1742 883 1799 918; x_wconf 91' lang='lat' dir='ltr'>IX,</span> <span class='ocrx_word' id='word_1_226' title='bbox 1824 883 1873 913; x_wconf 87' lang='lat'>21.</span> 
     </span>
    </p>

    <p class='ocr_par' dir='ltr' id='par_1_13' title="bbox 216 920 1965 961">
     <span class='ocr_line' id='line_1_19' title="bbox 216 920 1965 961; baseline 0.003 -10"><span class='ocrx_word' id='word_1_227' title='bbox 216 923 281 952; x_wconf 86' lang='lat' dir='ltr'>Etsi</span> <span class='ocrx_word' id='word_1_228' title='bbox 300 933 377 952; x_wconf 88' lang='lat' dir='ltr'>nunc</span> <span class='ocrx_word' id='word_1_229' title='bbox 399 924 429 952; x_wconf 91' lang='lat' dir='ltr'>in</span> <span class='ocrx_word' id='word_1_230' title='bbox 449 924 557 954; x_wconf 89' lang='lat' dir='ltr'>multis.</span> <span class='ocrx_word' id='word_1_231' title='bbox 580 924 636 959; x_wconf 88' lang='lat' dir='ltr'>IX,</span> <span class='ocrx_word' id='word_1_232' title='bbox 663 924 732 952; x_wconf 84' lang='lat'>125.</span> <span class='ocrx_word' id='word_1_233' title='bbox 1253 920 1375 958; x_wconf 80' lang='lat' dir='ltr'><strong>Scripsit</strong></span> <span class='ocrx_word' id='word_1_234' title='bbox 1398 923 1444 952; x_wconf 87' lang='lat' dir='ltr'>hic</span> <span class='ocrx_word' id='word_1_235' title='bbox 1467 923 1569 953; x_wconf 88' lang='lat' dir='ltr'>Simon</span> <span class='ocrx_word' id='word_1_236' title='bbox 1590 924 1754 956; x_wconf 81' lang='lat' dir='ltr'>Proxenus.</span> <span class='ocrx_word' id='word_1_237' title='bbox 1784 925 1869 961; x_wconf 89' lang='lat' dir='ltr'>VIII⁷</span> <span class='ocrx_word' id='word_1_238' title='bbox 1894 927 1965 956; x_wconf 88' lang='lat'>388.</span> 
     </span>
    </p>

    <p class='ocr_par' dir='ltr' id='par_1_14' title="bbox 217 963 1830 1004">
     <span class='ocr_line' id='line_1_20' title="bbox 217 963 1830 1004; baseline 0.002 -10"><span class='ocrx_word' id='word_1_239' title='bbox 217 966 283 995; x_wconf 89' lang='lat' dir='ltr'>Etsi</span> <span class='ocrx_word' id='word_1_240' title='bbox 306 971 420 1004; x_wconf 87' lang='lat' dir='ltr'>praeter</span> <span class='ocrx_word' id='word_1_241' title='bbox 443 976 478 994; x_wconf 88' lang='lat' dir='ltr'>ea</span> <span class='ocrx_word' id='word_1_242' title='bbox 501 977 576 1004; x_wconf 87' lang='lat' dir='ltr'>quae</span> <span class='ocrx_word' id='word_1_243' title='bbox 598 968 628 995; x_wconf 92' lang='lat' dir='ltr'>in</span> <span class='ocrx_word' id='word_1_244' title='bbox 648 966 800 1003; x_wconf 81' lang='lat' dir='ltr'>proximis.</span> <span class='ocrx_word' id='word_1_245' title='bbox 825 964 882 998; x_wconf 87' lang='lat' dir='ltr'>IX,</span> <span class='ocrx_word' id='word_1_246' title='bbox 907 965 978 994; x_wconf 84' lang='lat'>579.</span> <span class='ocrx_word' id='word_1_247' title='bbox 1253 963 1285 993; x_wconf 87' lang='lat' dir='ltr'>Si</span> <span class='ocrx_word' id='word_1_248' title='bbox 1307 965 1379 993; x_wconf 81' lang='lat' dir='ltr'>mihi</span> <span class='ocrx_word' id='word_1_249' title='bbox 1402 967 1467 1003; x_wconf 87' lang='lat' dir='ltr'>plus</span> <span class='ocrx_word' id='word_1_250' title='bbox 1490 968 1542 995; x_wconf 90' lang='lat' dir='ltr'>otii</span> <span class='ocrx_word' id='word_1_251' title='bbox 1566 972 1652 998; x_wconf 81' lang='lat' dir='ltr'>esset.</span> <span class='ocrx_word' id='word_1_252' title='bbox 1676 968 1733 1004; x_wconf 85' lang='lat' dir='ltr'>IX,</span> <span class='ocrx_word' id='word_1_253' title='bbox 1761 970 1830 998; x_wconf 88' lang='grc'><strong>136.</strong></span> 
     </span>
    </p>
   </div>
   <div class='ocr_carea' id='block_1_3' title="bbox 1250 1005 2190 1519">
    <p class='ocr_par' dir='ltr' id='par_1_15' title="bbox 1252 1005 1902 1049">
     <span class='ocr_line' id='line_1_21' title="bbox 1252 1005 1902 1049; baseline 0.012 -14"><span class='ocrx_word' id='word_1_254' title='bbox 1252 1005 1286 1035; x_wconf 87' lang='lat' dir='ltr'>Si</span> <span class='ocrx_word' id='word_1_255' title='bbox 1309 1009 1376 1044; x_wconf 88' lang='lat' dir='ltr'>quid</span> <span class='ocrx_word' id='word_1_256' title='bbox 1400 1010 1533 1037; x_wconf 89' lang='lat' dir='ltr'>haberem</span> <span class='ocrx_word' id='word_1_257' title='bbox 1557 1008 1724 1049; x_wconf 76' lang='grc' dir='ltr'><strong>ἀξιόλογον.</strong></span> <span class='ocrx_word' id='word_1_258' title='bbox 1750 1010 1806 1046; x_wconf 81' lang='lat' dir='ltr'>IX⁷</span> <span class='ocrx_word' id='word_1_259' title='bbox 1834 1012 1902 1041; x_wconf 75' lang='grc'><strong>126.</strong></span> 
     </span>
    </p>

    <p class='ocr_par' dir='ltr' id='par_1_16' title="bbox 1252 1047 2190 1176">
     <span class='ocr_line' id='line_1_22' title="bbox 1253 1047 2190 1092; baseline 0.009 -16"><span class='ocrx_word' id='word_1_260' title='bbox 1253 1047 1348 1087; x_wconf 82' lang='lat' dir='ltr'>Spero</span> <span class='ocrx_word' id='word_1_261' title='bbox 1369 1051 1557 1081; x_wconf 78' lang='lat' dir='ltr'>illustrissimi</span> <span class='ocrx_word' id='word_1_262' title='bbox 1579 1053 1725 1091; x_wconf 85' lang='lat' dir='ltr'>Principis</span> <span class='ocrx_word' id='word_1_263' title='bbox 1749 1055 1929 1084; x_wconf 74' lang='lat' dir='ltr'>Mai-chionis</span> <span class='ocrx_word' id='word_1_264' title='bbox 1947 1054 2097 1085; x_wconf 79' lang='lat' dir='ltr'>Friderici.</span> <span class='ocrx_word' id='word_1_265' title='bbox 2120 1055 2190 1092; x_wconf 86' lang='lat' dir='ltr'>VII,</span> 
     </span>
     <span class='ocr_line' id='line_1_23' title="bbox 1252 1132 1864 1176; baseline 0.011 -14"><span class='ocrx_word' id='word_1_266' title='bbox 1252 1132 1345 1172; x_wconf 88' lang='lat' dir='ltr'>Spero</span> <span class='ocrx_word' id='word_1_267' title='bbox 1374 1137 1524 1173; x_wconf 87' lang='lat' dir='ltr'>ingenium</span> <span class='ocrx_word' id='word_1_268' title='bbox 1551 1139 1692 1176; x_wconf 84' lang='lat' dir='ltr'>magistri.</span> <span class='ocrx_word' id='word_1_269' title='bbox 1717 1139 1769 1174; x_wconf 92' lang='lat' dir='ltr'>VI,</span> <span class='ocrx_word' id='word_1_270' title='bbox 1793 1140 1864 1169; x_wconf 87' lang='lat'>718.</span> 
     </span>
    </p>

    <p class='ocr_par' dir='ltr' id='par_1_17' title="bbox 1252 1175 1833 1217">
     <span class='ocr_line' id='line_1_24' title="bbox 1252 1175 1833 1217; baseline 0.01 -12"><span class='ocrx_word' id='word_1_271' title='bbox 1252 1175 1323 1205; x_wconf 89' lang='lat' dir='ltr'>Sum</span> <span class='ocrx_word' id='word_1_272' title='bbox 1345 1178 1477 1208; x_wconf 87' lang='lat' dir='ltr'><strong>hortatus</strong></span> <span class='ocrx_word' id='word_1_273' title='bbox 1500 1181 1638 1211; x_wconf 59' lang='lat' dir='ltr'>medicos.</span> <span class='ocrx_word' id='word_1_274' title='bbox 1658 1181 1743 1217; x_wconf 91' lang='lat' dir='ltr'>VIII,</span> <span class='ocrx_word' id='word_1_275' title='bbox 1762 1183 1833 1211; x_wconf 85' lang='lat'>735.</span> 
     </span>
    </p>

    <p class='ocr_par' dir='ltr' id='par_1_18' title="bbox 1251 1220 1838 1260">
     <span class='ocr_line' id='line_1_25' title="bbox 1251 1220 1838 1260; baseline 0.01 -12"><span class='ocrx_word' id='word_1_276' title='bbox 1251 1220 1329 1249; x_wconf 86' lang='lat' dir='ltr'>Tota</span> <span class='ocrx_word' id='word_1_277' title='bbox 1351 1221 1504 1260; x_wconf 82' lang='lat' dir='ltr'>Evangelii</span> <span class='ocrx_word' id='word_1_278' title='bbox 1527 1224 1666 1254; x_wconf 82' lang='lat' dir='ltr'>doctrina.</span> <span class='ocrx_word' id='word_1_279' title='bbox 1690 1224 1743 1260; x_wconf 94' lang='lat' dir='ltr'>VI,</span> <span class='ocrx_word' id='word_1_280' title='bbox 1767 1226 1838 1254; x_wconf 85' lang='lat'>577.</span> 
     </span>
    </p>

    <p class='ocr_par' dir='ltr' id='par_1_19' title="bbox 1251 1263 1827 1303">
     <span class='ocr_line' id='line_1_26' title="bbox 1251 1263 1827 1303; baseline 0.007 -11"><span class='ocrx_word' id='word_1_281' title='bbox 1251 1263 1293 1292; x_wconf 84' lang='lat' dir='ltr'>Ut</span> <span class='ocrx_word' id='word_1_282' title='bbox 1315 1263 1429 1293; x_wconf 84' lang='lat' dir='ltr'><strong>Lazaro</strong></span> <span class='ocrx_word' id='word_1_283' title='bbox 1453 1266 1613 1295; x_wconf 78' lang='lat' dir='ltr'>caniculae.</span> <span class='ocrx_word' id='word_1_284' title='bbox 1646 1267 1731 1303; x_wconf 91' lang='lat' dir='ltr'>VIII,</span> <span class='ocrx_word' id='word_1_285' title='bbox 1756 1268 1827 1297; x_wconf 87' lang='lat'>300.</span> 
     </span>
    </p>

    <p class='ocr_par' dir='ltr' id='par_1_20' title="bbox 1252 1305 2166 1389">
     <span class='ocr_line' id='line_1_27' title="bbox 1252 1305 2166 1348; baseline 0.009 -15"><span class='ocrx_word' id='word_1_286' title='bbox 1252 1305 1293 1334; x_wconf 89' lang='lat' dir='ltr'>Ut</span> <span class='ocrx_word' id='word_1_287' title='bbox 1316 1308 1433 1336; x_wconf 87' lang='lat' dir='ltr'>veniens</span> <span class='ocrx_word' id='word_1_288' title='bbox 1458 1318 1550 1337; x_wconf 84' lang='lat' dir='ltr'>annus</span> <span class='ocrx_word' id='word_1_289' title='bbox 1573 1310 1611 1338; x_wconf 90' lang='lat' dir='ltr'>sit</span> <span class='ocrx_word' id='word_1_290' title='bbox 1633 1310 1720 1339; x_wconf 82' lang='lat' dir='ltr'>faust.</span> <span class='ocrx_word' id='word_1_291' title='bbox 1745 1327 1782 1332; x_wconf 91' lang='lat'>—</span> <span class='ocrx_word' id='word_1_292' title='bbox 1809 1311 1953 1341; x_wconf 78' lang='lat' dir='ltr'>Profecto.</span> <span class='ocrx_word' id='word_1_293' title='bbox 1983 1311 2067 1348; x_wconf 88' lang='lat' dir='ltr'>VIII,</span> <span class='ocrx_word' id='word_1_294' title='bbox 2094 1312 2166 1342; x_wconf 81' lang='lat'>628.</span> 
     </span>
     <span class='ocr_line' id='line_1_28' title="bbox 1253 1348 1916 1389; baseline 0.012 -13"><span class='ocrx_word' id='word_1_295' title='bbox 1253 1348 1373 1378; x_wconf 86' lang='lat' dir='ltr'>Utinam</span> <span class='ocrx_word' id='word_1_296' title='bbox 1394 1356 1422 1378; x_wconf 87' lang='lat' dir='ltr'>et</span> <span class='ocrx_word' id='word_1_297' title='bbox 1438 1352 1604 1389; x_wconf 85' lang='lat' dir='ltr'>respublica</span> <span class='ocrx_word' id='word_1_298' title='bbox 1626 1354 1743 1383; x_wconf 88' lang='lat' dir='ltr'>diutius.</span> <span class='ocrx_word' id='word_1_299' title='bbox 1768 1353 1825 1389; x_wconf 82' lang='lat' dir='ltr'>IX,</span> <span class='ocrx_word' id='word_1_300' title='bbox 1846 1355 1916 1383; x_wconf 82' lang='lat'>543.</span> 
     </span>
    </p>

    <p class='ocr_par' dir='ltr' id='par_1_21' title="bbox 1251 1391 1778 1433">
     <span class='ocr_line' id='line_1_29' title="bbox 1251 1391 1778 1433; baseline 0.009 -13"><span class='ocrx_word' id='word_1_301' title='bbox 1251 1391 1370 1421; x_wconf 89' lang='lat' dir='ltr'>Utinam</span> <span class='ocrx_word' id='word_1_302' title='bbox 1393 1394 1440 1422; x_wconf 84' lang='lat' dir='ltr'>hic</span> <span class='ocrx_word' id='word_1_303' title='bbox 1459 1396 1587 1425; x_wconf 85' lang='lat' dir='ltr'>veniens.</span> <span class='ocrx_word' id='word_1_304' title='bbox 1613 1396 1682 1433; x_wconf 92' lang='lat' dir='ltr'>VII,</span> <span class='ocrx_word' id='word_1_305' title='bbox 1707 1397 1778 1426; x_wconf 84' lang='lat'>516.</span> 
     </span>
    </p>

    <p class='ocr_par' dir='ltr' id='par_1_22' title="bbox 1250 1434 1900 1476">
     <span class='ocr_line' id='line_1_30' title="bbox 1250 1434 1900 1476; baseline 0.014 -15"><span class='ocrx_word' id='word_1_306' title='bbox 1250 1434 1366 1464; x_wconf 87' lang='lat' dir='ltr'>Vellem</span> <span class='ocrx_word' id='word_1_307' title='bbox 1386 1446 1432 1464; x_wconf 91' lang='lat' dir='ltr'>me</span> <span class='ocrx_word' id='word_1_308' title='bbox 1455 1448 1540 1475; x_wconf 87' lang='lat' dir='ltr'>posse</span> <span class='ocrx_word' id='word_1_309' title='bbox 1562 1439 1686 1476; x_wconf 77' lang='lat' dir='ltr'>prolixe.</span> <span class='ocrx_word' id='word_1_310' title='bbox 1722 1439 1806 1475; x_wconf 87' lang='lat' dir='ltr'>VIII,</span> <span class='ocrx_word' id='word_1_311' title='bbox 1829 1441 1900 1470; x_wconf 90' lang='lat'>409.</span> 
     </span>
    </p>

    <p class='ocr_par' dir='ltr' id='par_1_23' title="bbox 1251 1477 2047 1519">
     <span class='ocr_line' id='line_1_31' title="bbox 1251 1477 2047 1519; baseline 0.009 -14"><span class='ocrx_word' id='word_1_312' title='bbox 1251 1477 1342 1507; x_wconf 87' lang='lat' dir='ltr'>Venit</span> <span class='ocrx_word' id='word_1_313' title='bbox 1364 1480 1421 1507; x_wconf 58' lang='lat' dir='ltr'>hue</span> <span class='ocrx_word' id='word_1_314' title='bbox 1445 1481 1611 1511; x_wconf 78' lang='lat' dir='ltr'>tabellarius</span> <span class='ocrx_word' id='word_1_315' title='bbox 1634 1483 1716 1511; x_wconf 90' lang='lat' dir='ltr'>ducis</span> <span class='ocrx_word' id='word_1_316' title='bbox 1741 1482 1863 1511; x_wconf 83' lang='lat' dir='ltr'>Wirteb.</span> <span class='ocrx_word' id='word_1_317' title='bbox 1888 1481 1972 1519; x_wconf 91' lang='lat' dir='ltr'>VIII,</span> <span class='ocrx_word' id='word_1_318' title='bbox 1997 1483 2047 1513; x_wconf 87' lang='lat'>46.</span> 
     </span>
    </p>
   </div>
   <div class='ocr_carea' id='block_1_4' title="bbox 214 1008 1025 1515">
    <p class='ocr_par' dir='ltr' id='par_1_24' title="bbox 216 1008 952 1131">
     <span class='ocr_line' id='line_1_32' title="bbox 216 1008 841 1047; baseline 0.002 -11"><span class='ocrx_word' id='word_1_319' title='bbox 216 1009 410 1046; x_wconf 84' lang='lat' dir='ltr'>Evangelium</span> <span class='ocrx_word' id='word_1_320' title='bbox 434 1014 478 1037; x_wconf 89' lang='lat' dir='ltr'>est</span> <span class='ocrx_word' id='word_1_321' title='bbox 500 1011 638 1047; x_wconf 82' lang='lat' dir='ltr'>potentia.</span> <span class='ocrx_word' id='word_1_322' title='bbox 663 1008 748 1043; x_wconf 89' lang='lat' dir='ltr'>VIII,</span> <span class='ocrx_word' id='word_1_323' title='bbox 772 1008 841 1037; x_wconf 87' lang='lat'>660.</span> 
     </span>
     <span class='ocr_line' id='line_1_33' title="bbox 216 1049 952 1089; baseline -0.003 -9"><span class='ocrx_word' id='word_1_324' title='bbox 216 1052 375 1080; x_wconf 79' lang='lat' dir='ltr'>Excellens</span> <span class='ocrx_word' id='word_1_325' title='bbox 397 1053 489 1080; x_wconf 86' lang='lat' dir='ltr'>virtus</span> <span class='ocrx_word' id='word_1_326' title='bbox 512 1057 555 1080; x_wconf 84' lang='lat' dir='ltr'>est</span> <span class='ocrx_word' id='word_1_327' title='bbox 577 1051 734 1089; x_wconf 83' lang='lat' dir='ltr'>gratitudo.</span> <span class='ocrx_word' id='word_1_328' title='bbox 770 1049 856 1085; x_wconf 90' lang='lat' dir='ltr'>VIII,</span> <span class='ocrx_word' id='word_1_329' title='bbox 881 1050 952 1079; x_wconf 88' lang='lat'>604.</span> 
     </span>
     <span class='ocr_line' id='line_1_34' title="bbox 216 1093 777 1131; baseline -0.002 -8"><span class='ocrx_word' id='word_1_330' title='bbox 216 1094 363 1131; x_wconf 86' lang='lat' dir='ltr'>Exempla.</span> <span class='ocrx_word' id='word_1_331' title='bbox 385 1095 544 1122; x_wconf 83' lang='lat' dir='ltr'>carminum</span> <span class='ocrx_word' id='word_1_332' title='bbox 562 1095 624 1123; x_wconf 88' lang='lat' dir='ltr'>filii.</span> <span class='ocrx_word' id='word_1_333' title='bbox 645 1094 683 1128; x_wconf 89' lang='lat' dir='ltr'>V,</span> <span class='ocrx_word' id='word_1_334' title='bbox 704 1093 777 1122; x_wconf 87' lang='lat'>872.</span> 
     </span>
    </p>

    <p class='ocr_par' dir='ltr' id='par_1_25' title="bbox 216 1135 786 1171">
     <span class='ocr_line' id='line_1_35' title="bbox 216 1135 786 1171; baseline -0.002 -7"><span class='ocrx_word' id='word_1_335' title='bbox 216 1137 286 1165; x_wconf 88' lang='lat' dir='ltr'>Filii</span> <span class='ocrx_word' id='word_1_336' title='bbox 309 1141 338 1164; x_wconf 90' lang='lat' dir='ltr'>et</span> <span class='ocrx_word' id='word_1_337' title='bbox 360 1141 427 1165; x_wconf 84' lang='lat' dir='ltr'>sunt</span> <span class='ocrx_word' id='word_1_338' title='bbox 451 1142 479 1164; x_wconf 89' lang='lat' dir='ltr'>et</span> <span class='ocrx_word' id='word_1_339' title='bbox 501 1142 594 1166; x_wconf 89' lang='lat' dir='ltr'>erunt.</span> <span class='ocrx_word' id='word_1_340' title='bbox 620 1135 691 1171; x_wconf 86' lang='lat' dir='ltr'>VII,</span> <span class='ocrx_word' id='word_1_341' title='bbox 714 1136 786 1164; x_wconf 88' lang='lat'>459.</span> 
     </span>
    </p>

    <p class='ocr_par' dir='ltr' id='par_1_26' title="bbox 217 1179 771 1217">
     <span class='ocr_line' id='line_1_36' title="bbox 217 1179 771 1217; baseline -0.002 -10"><span class='ocrx_word' id='word_1_342' title='bbox 217 1179 273 1207; x_wconf 90' lang='lat' dir='ltr'>Fui</span> <span class='ocrx_word' id='word_1_343' title='bbox 296 1179 341 1208; x_wconf 82' lang='lat' dir='ltr'>his</span> <span class='ocrx_word' id='word_1_344' title='bbox 363 1179 466 1207; x_wconf 89' lang='lat' dir='ltr'>diebus</span> <span class='ocrx_word' id='word_1_345' title='bbox 489 1180 614 1217; x_wconf 84' lang='lat' dir='ltr'>Torgae.</span> <span class='ocrx_word' id='word_1_346' title='bbox 638 1179 676 1213; x_wconf 89' lang='lat' dir='ltr'>V,</span> <span class='ocrx_word' id='word_1_347' title='bbox 699 1179 771 1207; x_wconf 87' lang='lat'>757.</span> 
     </span>
    </p>

    <p class='ocr_par' dir='ltr' id='par_1_27' title="bbox 215 1219 912 1302">
     <span class='ocr_line' id='line_1_37' title="bbox 217 1219 912 1260; baseline -0.001 -10"><span class='ocrx_word' id='word_1_348' title='bbox 217 1220 337 1250; x_wconf 80' lang='lat' dir='ltr'>Gratias</span> <span class='ocrx_word' id='word_1_349' title='bbox 355 1231 411 1259; x_wconf 86' lang='lat' dir='ltr'>ago</span> <span class='ocrx_word' id='word_1_350' title='bbox 435 1222 517 1251; x_wconf 89' lang='lat' dir='ltr'>vobis</span> <span class='ocrx_word' id='word_1_351' title='bbox 536 1232 590 1260; x_wconf 87' lang='lat' dir='ltr'>pro</span> <span class='ocrx_word' id='word_1_352' title='bbox 613 1222 729 1259; x_wconf 82' lang='lat' dir='ltr'>pietate.</span> <span class='ocrx_word' id='word_1_353' title='bbox 762 1219 815 1255; x_wconf 84' lang='lat' dir='ltr'>VI,</span> <span class='ocrx_word' id='word_1_354' title='bbox 842 1219 912 1249; x_wconf 88' lang='lat'>240.</span> 
     </span>
     <span class='ocr_line' id='line_1_38' title="bbox 215 1264 712 1302; baseline 0 -10"><span class='ocrx_word' id='word_1_355' title='bbox 215 1264 282 1292; x_wconf 87' lang='lat' dir='ltr'>Hac</span> <span class='ocrx_word' id='word_1_356' title='bbox 301 1265 375 1293; x_wconf 87' lang='lat' dir='ltr'>hora</span> <span class='ocrx_word' id='word_1_357' title='bbox 396 1265 523 1302; x_wconf 84' lang='lat' dir='ltr'>longam.</span> <span class='ocrx_word' id='word_1_358' title='bbox 550 1264 620 1299; x_wconf 86' lang='lat' dir='ltr'>VII,</span> <span class='ocrx_word' id='word_1_359' title='bbox 641 1264 712 1292; x_wconf 85' lang='lat'>763.</span> 
     </span>
    </p>

    <p class='ocr_par' dir='ltr' id='par_1_28' title="bbox 214 1305 1025 1515">
     <span class='ocr_line' id='line_1_39' title="bbox 215 1305 919 1344; baseline -0.001 -9"><span class='ocrx_word' id='word_1_360' title='bbox 215 1307 302 1335; x_wconf 81' lang='lat' dir='ltr'>Hane</span> <span class='ocrx_word' id='word_1_361' title='bbox 321 1308 475 1343; x_wconf 85' lang='lat' dir='ltr'>epistolam</span> <span class='ocrx_word' id='word_1_362' title='bbox 498 1308 545 1335; x_wconf 90' lang='lat' dir='ltr'>die</span> <span class='ocrx_word' id='word_1_363' title='bbox 570 1306 735 1344; x_wconf 83' lang='lat' dir='ltr'>Polycarpi.</span> <span class='ocrx_word' id='word_1_364' title='bbox 769 1305 825 1340; x_wconf 89' lang='lat' dir='ltr'>IX,</span> <span class='ocrx_word' id='word_1_365' title='bbox 848 1306 919 1334; x_wconf 83' lang='lat'>433.</span> 
     </span>
     <span class='ocr_line' id='line_1_40' title="bbox 215 1347 864 1383; baseline 0 -6"><span class='ocrx_word' id='word_1_366' title='bbox 215 1349 274 1377; x_wconf 91' lang='lat' dir='ltr'>Hic</span> <span class='ocrx_word' id='word_1_367' title='bbox 295 1348 334 1377; x_wconf 91' lang='lat' dir='ltr'>N.</span> <span class='ocrx_word' id='word_1_368' title='bbox 353 1349 394 1378; x_wconf 82' lang='lat' dir='ltr'>N.</span> <span class='ocrx_word' id='word_1_369' title='bbox 412 1351 450 1379; x_wconf 88' lang='lat' dir='ltr'>N.</span> <span class='ocrx_word' id='word_1_370' title='bbox 477 1360 541 1378; x_wconf 88' lang='lat' dir='ltr'>cum</span> <span class='ocrx_word' id='word_1_371' title='bbox 561 1355 656 1378; x_wconf 83' lang='lat' dir='ltr'>natus.</span> <span class='ocrx_word' id='word_1_372' title='bbox 684 1347 768 1383; x_wconf 90' lang='lat' dir='ltr'>VIII,</span> <span class='ocrx_word' id='word_1_373' title='bbox 794 1348 864 1377; x_wconf 83' lang='lat'>227.</span> 
     </span>
     <span class='ocr_line' id='line_1_41' title="bbox 215 1391 840 1426; baseline 0.002 -7"><span class='ocrx_word' id='word_1_374' title='bbox 215 1391 315 1420; x_wconf 89' lang='lat' dir='ltr'>Hodie</span> <span class='ocrx_word' id='word_1_375' title='bbox 338 1402 404 1421; x_wconf 83' lang='lat' dir='ltr'>cum</span> <span class='ocrx_word' id='word_1_376' title='bbox 426 1393 587 1422; x_wconf 82' lang='lat' dir='ltr'>clarissimo</span> <span class='ocrx_word' id='word_1_377' title='bbox 613 1393 683 1420; x_wconf 81' lang='lat' dir='ltr'>viro.</span> <span class='ocrx_word' id='word_1_378' title='bbox 706 1392 744 1426; x_wconf 91' lang='lat' dir='ltr'>V,</span> <span class='ocrx_word' id='word_1_379' title='bbox 769 1391 840 1420; x_wconf 89' lang='lat'>703.</span> 
     </span>
     <span class='ocr_line' id='line_1_42' title="bbox 215 1433 1025 1473; baseline 0.001 -11"><span class='ocrx_word' id='word_1_380' title='bbox 215 1435 313 1463; x_wconf 87' lang='lat' dir='ltr'>Hodie</span> <span class='ocrx_word' id='word_1_381' title='bbox 334 1445 447 1464; x_wconf 82' lang='lat' dir='ltr'>meeum</span> <span class='ocrx_word' id='word_1_382' title='bbox 470 1436 500 1464; x_wconf 92' lang='lat' dir='ltr'>in</span> <span class='ocrx_word' id='word_1_383' title='bbox 518 1436 642 1473; x_wconf 90' lang='lat' dir='ltr'>prandio</span> <span class='ocrx_word' id='word_1_384' title='bbox 665 1435 721 1462; x_wconf 82' lang='lat' dir='ltr'>fuit</span> <span class='ocrx_word' id='word_1_385' title='bbox 742 1434 820 1462; x_wconf 79' lang='lat' dir='ltr'>exul.</span> <span class='ocrx_word' id='word_1_386' title='bbox 846 1433 930 1468; x_wconf 87' lang='lat' dir='ltr'>VIII,</span> <span class='ocrx_word' id='word_1_387' title='bbox 954 1434 1025 1463; x_wconf 86' lang='lat'>474.</span> 
     </span>
     <span class='ocr_line' id='line_1_43' title="bbox 214 1477 761 1515; baseline 0 -10"><span class='ocrx_word' id='word_1_388' title='bbox 214 1477 314 1505; x_wconf 88' lang='lat' dir='ltr'>Hodie</span> <span class='ocrx_word' id='word_1_389' title='bbox 332 1486 420 1515; x_wconf 88' lang='lat' dir='ltr'>spero</span> <span class='ocrx_word' id='word_1_390' title='bbox 441 1478 604 1507; x_wconf 79' lang='lat' dir='ltr'>allaturum.</span> <span class='ocrx_word' id='word_1_391' title='bbox 630 1478 668 1513; x_wconf 77' lang='lat' dir='ltr'>V,</span> <span class='ocrx_word' id='word_1_392' title='bbox 689 1478 761 1506; x_wconf 83' lang='grc'><strong>757.</strong></span> 
     </span>
    </p>
   </div>
   <div class='ocr_carea' id='block_1_5' title="bbox 1177 1030 1188 1525">
    <p class='ocr_par' dir='ltr' id='par_1_29' title="bbox 1177 1030 1188 1525">
     <span class='ocr_line' id='line_1_44' title="bbox 1177 1030 1188 1525; textangle 90"><span class='ocrx_word' id='word_1_393' title='bbox 1177 1030 1188 1525; x_wconf 71' lang='lat'><em>—-————.</em></span> 
     </span>
    </p>
   </div>
   <div class='ocr_carea' id='block_1_6' title="bbox 212 2203 920 2281">
    <p class='ocr_par' dir='ltr' id='par_1_30' title="bbox 212 2203 920 2281">
     <span class='ocr_line' id='line_1_45' title="bbox 212 2203 920 2240; baseline 0.006 -9"><span class='ocrx_word' id='word_1_394' title='bbox 212 2203 282 2232; x_wconf 85' lang='lat' dir='ltr'>Non</span> <span class='ocrx_word' id='word_1_395' title='bbox 304 2205 404 2233; x_wconf 91' lang='lat' dir='ltr'>dubito</span> <span class='ocrx_word' id='word_1_396' title='bbox 426 2215 513 2233; x_wconf 79' lang='lat' dir='ltr'>unani</span> <span class='ocrx_word' id='word_1_397' title='bbox 536 2210 566 2233; x_wconf 90' lang='lat' dir='ltr'>at</span> <span class='ocrx_word' id='word_1_398' title='bbox 594 2205 724 2234; x_wconf 78' lang='lat' dir='ltr'>eandem.</span> <span class='ocrx_word' id='word_1_399' title='bbox 756 2205 825 2240; x_wconf 88' lang='lat' dir='ltr'>VII,</span> <span class='ocrx_word' id='word_1_400' title='bbox 852 2207 920 2235; x_wconf 86' lang='lat'>160.</span> 
     </span>
     <span class='ocr_line' id='line_1_46' title="bbox 212 2246 690 2281; baseline 0.004 -7"><span class='ocrx_word' id='word_1_401' title='bbox 212 2246 284 2274; x_wconf 90' lang='lat' dir='ltr'>Non</span> <span class='ocrx_word' id='word_1_402' title='bbox 307 2257 368 2275; x_wconf 89' lang='lat' dir='ltr'>sum</span> <span class='ocrx_word' id='word_1_403' title='bbox 392 2246 516 2277; x_wconf 61' lang='lat' dir='ltr'>Stoicus</span> <span class='ocrx_word' id='word_1_404' title='bbox 543 2247 596 2281; x_wconf 86' lang='lat' dir='ltr'>VI,</span> <span class='ocrx_word' id='word_1_405' title='bbox 621 2249 690 2277; x_wconf 76' lang='lat'>534.</span> 
     </span>
    </p>
   </div>
   <div class='ocr_carea' id='block_1_7' title="bbox 1246 2208 1903 2290">
    <p class='ocr_par' dir='ltr' id='par_1_31' title="bbox 1246 2208 1903 2290">
     <span class='ocr_line' id='line_1_47' title="bbox 1246 2208 1849 2246; baseline 0.01 -11"><span class='ocrx_word' id='word_1_406' title='bbox 1246 2208 1397 2246; x_wconf 83' lang='lat' dir='ltr'>Ingentem</span> <span class='ocrx_word' id='word_1_407' title='bbox 1420 2212 1549 2240; x_wconf 85' lang='lat' dir='ltr'>dolorem</span> <span class='ocrx_word' id='word_1_408' title='bbox 1572 2221 1674 2241; x_wconf 83' lang='lat' dir='ltr'>annos.</span> <span class='ocrx_word' id='word_1_409' title='bbox 1700 2212 1753 2246; x_wconf 91' lang='lat' dir='ltr'>VI,</span> <span class='ocrx_word' id='word_1_410' title='bbox 1778 2212 1849 2241; x_wconf 83' lang='lat'>456.</span> 
     </span>
     <span class='ocr_line' id='line_1_48' title="bbox 1246 2251 1903 2290; baseline 0.008 -11"><span class='ocrx_word' id='word_1_411' title='bbox 1246 2251 1394 2290; x_wconf 82' lang='lat' dir='ltr'>Integram</span> <span class='ocrx_word' id='word_1_412' title='bbox 1417 2254 1566 2282; x_wconf 82' lang='lat' dir='ltr'>historiam</span> <span class='ocrx_word' id='word_1_413' title='bbox 1592 2265 1700 2284; x_wconf 82' lang='lat' dir='ltr'>eorum.</span> <span class='ocrx_word' id='word_1_414' title='bbox 1728 2254 1784 2289; x_wconf 90' lang='grc' dir='ltr'>ΙΙΙ,</span> <span class='ocrx_word' id='word_1_415' title='bbox 1812 2254 1903 2284; x_wconf 80' lang='lat'>1231.</span> 
     </span>
    </p>
   </div>
   <div class='ocr_carea' id='block_1_8' title="bbox 212 1520 2164 2549">
    <p class='ocr_par' dir='ltr' id='par_1_32' title="bbox 213 1520 1776 1560">
     <span class='ocr_line' id='line_1_49' title="bbox 213 1520 1776 1560; baseline 0.005 -13"><span class='ocrx_word' id='word_1_416' title='bbox 213 1520 303 1548; x_wconf 84' lang='lat' dir='ltr'>Hunc</span> <span class='ocrx_word' id='word_1_417' title='bbox 320 1522 457 1549; x_wconf 88' lang='lat' dir='ltr'>nuncium</span> <span class='ocrx_word' id='word_1_418' title='bbox 479 1522 553 1550; x_wconf 89' lang='lat' dir='ltr'>misi.</span> <span class='ocrx_word' id='word_1_419' title='bbox 579 1520 649 1555; x_wconf 91' lang='lat' dir='ltr'>VII,</span> <span class='ocrx_word' id='word_1_420' title='bbox 674 1521 745 1549; x_wconf 88' lang='lat'>865.</span> <span class='ocrx_word' id='word_1_421' title='bbox 1251 1520 1364 1550; x_wconf 88' lang='lat' dir='ltr'>Videtis</span> <span class='ocrx_word' id='word_1_422' title='bbox 1386 1523 1462 1552; x_wconf 84' lang='lat' dir='ltr'>hunc</span> <span class='ocrx_word' id='word_1_423' title='bbox 1486 1534 1602 1554; x_wconf 88' lang='lat' dir='ltr'>annum.</span> <span class='ocrx_word' id='word_1_424' title='bbox 1628 1525 1681 1560; x_wconf 92' lang='lat' dir='ltr'>VI,</span> <span class='ocrx_word' id='word_1_425' title='bbox 1706 1526 1776 1554; x_wconf 83' lang='grc'><strong>550.</strong></span> 
     </span>
    </p>

    <p class='ocr_par' dir='ltr' id='par_1_33' title="bbox 214 1562 1866 1646">
     <span class='ocr_line' id='line_1_50' title="bbox 214 1562 1866 1604; baseline 0.004 -13"><span class='ocrx_word' id='word_1_426' title='bbox 214 1562 285 1591; x_wconf 89' lang='lat' dir='ltr'>Ideo</span> <span class='ocrx_word' id='word_1_427' title='bbox 308 1563 391 1591; x_wconf 91' lang='lat' dir='ltr'>Deus</span> <span class='ocrx_word' id='word_1_428' title='bbox 413 1565 542 1593; x_wconf 88' lang='lat' dir='ltr'>inseruit.</span> <span class='ocrx_word' id='word_1_429' title='bbox 569 1563 637 1598; x_wconf 91' lang='lat' dir='ltr'>VII,</span> <span class='ocrx_word' id='word_1_430' title='bbox 666 1563 756 1591; x_wconf 84' lang='lat'>1138.</span> <span class='ocrx_word' id='word_1_431' title='bbox 1251 1563 1323 1603; x_wconf 67' lang='lat' dir='ltr'>Vult</span> <span class='ocrx_word' id='word_1_432' title='bbox 1345 1566 1428 1595; x_wconf 85' lang='lat' dir='ltr'>Deus</span> <span class='ocrx_word' id='word_1_433' title='bbox 1451 1572 1550 1595; x_wconf 80' lang='lat' dir='ltr'>extare</span> <span class='ocrx_word' id='word_1_434' title='bbox 1573 1568 1688 1598; x_wconf 85' lang='lat' dir='ltr'>multas.</span> <span class='ocrx_word' id='word_1_435' title='bbox 1716 1567 1771 1604; x_wconf 90' lang='lat' dir='ltr'>IX,</span> <span class='ocrx_word' id='word_1_436' title='bbox 1796 1568 1866 1598; x_wconf 87' lang='grc'><strong>521.</strong></span> 
     </span>
     <span class='ocr_line' id='line_1_51' title="bbox 214 1604 1740 1646; baseline 0.005 -13"><span class='ocrx_word' id='word_1_437' title='bbox 214 1606 416 1634; x_wconf 85' lang='lat' dir='ltr'>Illustrissimo</span> <span class='ocrx_word' id='word_1_438' title='bbox 439 1607 488 1636; x_wconf 85' lang='lat' dir='ltr'>Pr.</span> <span class='ocrx_word' id='word_1_439' title='bbox 514 1606 643 1634; x_wconf 87' lang='lat' dir='ltr'>Electori</span> <span class='ocrx_word' id='word_1_440' title='bbox 667 1605 840 1633; x_wconf 73' lang='lat' dir='ltr'>Mai-chioni.</span> <span class='ocrx_word' id='word_1_441' title='bbox 864 1604 949 1640; x_wconf 80' lang='lat' dir='ltr'>VIII,</span> <span class='ocrx_word' id='word_1_442' title='bbox 976 1606 1043 1634; x_wconf 79' lang='lat'>133.</span> <span class='ocrx_word' id='word_1_443' title='bbox 1250 1606 1321 1634; x_wconf 85' lang='lat' dir='ltr'>Vult</span> <span class='ocrx_word' id='word_1_444' title='bbox 1340 1614 1491 1646; x_wconf 85' lang='lat' dir='ltr'>utrumque</span> <span class='ocrx_word' id='word_1_445' title='bbox 1516 1611 1606 1641; x_wconf 84' lang='lat' dir='ltr'>Deus.</span> <span class='ocrx_word' id='word_1_446' title='bbox 1632 1611 1688 1646; x_wconf 86' lang='lat' dir='ltr'>IX,</span> <span class='ocrx_word' id='word_1_447' title='bbox 1713 1612 1740 1640; x_wconf 82' lang='lat'>8.</span> 
     </span>
    </p>

    <p class='ocr_par' dir='ltr' id='par_1_34' title="bbox 214 1648 1644 1688">
     <span class='ocr_line' id='line_1_52' title="bbox 214 1648 1644 1688; baseline 0.004 -12"><span class='ocrx_word' id='word_1_448' title='bbox 214 1648 324 1676; x_wconf 87' lang='lat' dir='ltr'>Insitae</span> <span class='ocrx_word' id='word_1_449' title='bbox 348 1654 416 1677; x_wconf 88' lang='lat' dir='ltr'>sunt</span> <span class='ocrx_word' id='word_1_450' title='bbox 438 1650 474 1677; x_wconf 88' lang='lat' dir='ltr'>ab</span> <span class='ocrx_word' id='word_1_451' title='bbox 493 1650 568 1687; x_wconf 88' lang='lat' dir='ltr'>ipso.</span> <span class='ocrx_word' id='word_1_452' title='bbox 594 1648 679 1684; x_wconf 87' lang='lat' dir='ltr'>VIII,</span> <span class='ocrx_word' id='word_1_453' title='bbox 703 1648 774 1677; x_wconf 85' lang='lat'>912.</span> <span class='ocrx_word' id='word_1_454' title='bbox 1206 1648 1481 1688; x_wconf 69' lang='lat' dir='ltr'>Buchhulzero,</span> <span class='ocrx_word' id='word_1_455' title='bbox 1504 1653 1644 1682; x_wconf 78' lang='lat' dir='ltr'>Nohae:</span> 
     </span>
    </p>

    <p class='ocr_par' dir='ltr' id='par_1_35' title="bbox 212 1690 1735 1733">
     <span class='ocr_line' id='line_1_53' title="bbox 212 1690 1735 1733; baseline 0.003 -14"><span class='ocrx_word' id='word_1_456' title='bbox 212 1691 281 1729; x_wconf 80' lang='lat' dir='ltr'>Ipse</span> <span class='ocrx_word' id='word_1_457' title='bbox 302 1690 385 1720; x_wconf 87' lang='lat' dir='ltr'>Deus</span> <span class='ocrx_word' id='word_1_458' title='bbox 409 1693 526 1730; x_wconf 87' lang='lat' dir='ltr'>sapiens</span> <span class='ocrx_word' id='word_1_459' title='bbox 549 1708 601 1719; x_wconf 90' lang='lat'>-—.</span> <span class='ocrx_word' id='word_1_460' title='bbox 624 1692 710 1719; x_wconf 88' lang='lat' dir='ltr'>Mitto</span> <span class='ocrx_word' id='word_1_461' title='bbox 735 1691 877 1727; x_wconf 77' lang='lat' dir='ltr'>exempla.</span> <span class='ocrx_word' id='word_1_462' title='bbox 902 1691 987 1726; x_wconf 85' lang='lat' dir='ltr'>VIII,</span> <span class='ocrx_word' id='word_1_463' title='bbox 1012 1693 1083 1721; x_wconf 87' lang='lat'>940.</span> <span class='ocrx_word' id='word_1_464' title='bbox 1249 1693 1288 1720; x_wconf 85' lang='lat' dir='ltr'>Et</span> <span class='ocrx_word' id='word_1_465' title='bbox 1309 1693 1442 1732; x_wconf 82' lang='lat' dir='ltr'>elegiam,</span> <span class='ocrx_word' id='word_1_466' title='bbox 1464 1705 1559 1733; x_wconf 87' lang='lat' dir='ltr'>quam.</span> <span class='ocrx_word' id='word_1_467' title='bbox 1585 1697 1640 1732; x_wconf 85' lang='lat' dir='ltr'>VI,</span> <span class='ocrx_word' id='word_1_468' title='bbox 1665 1696 1735 1726; x_wconf 88' lang='grc'><strong>626.</strong></span> 
     </span>
    </p>

    <p class='ocr_par' dir='ltr' id='par_1_36' title="bbox 212 1734 1781 1775">
     <span class='ocr_line' id='line_1_54' title="bbox 212 1734 1781 1775; baseline 0.004 -13"><span class='ocrx_word' id='word_1_469' title='bbox 212 1734 333 1762; x_wconf 89' lang='lat' dir='ltr'>Librum</span> <span class='ocrx_word' id='word_1_470' title='bbox 357 1735 392 1762; x_wconf 89' lang='lat' dir='ltr'>de</span> <span class='ocrx_word' id='word_1_471' title='bbox 415 1735 556 1763; x_wconf 85' lang='lat' dir='ltr'>Eeclesiis</span> <span class='ocrx_word' id='word_1_472' title='bbox 577 1735 734 1762; x_wconf 74' lang='lat' dir='ltr'>Marchiae.</span> <span class='ocrx_word' id='word_1_473' title='bbox 771 1734 826 1768; x_wconf 87' lang='lat' dir='ltr'>IX,</span> <span class='ocrx_word' id='word_1_474' title='bbox 851 1735 921 1764; x_wconf 77' lang='lat'>749.</span> <span class='ocrx_word' id='word_1_475' title='bbox 1250 1735 1360 1766; x_wconf 81' lang='lat' dir='ltr'>Versus</span> <span class='ocrx_word' id='word_1_476' title='bbox 1383 1744 1426 1766; x_wconf 83' lang='lat' dir='ltr'>est</span> <span class='ocrx_word' id='word_1_477' title='bbox 1448 1738 1606 1769; x_wconf 85' lang='lat' dir='ltr'>Theocriti.</span> <span class='ocrx_word' id='word_1_478' title='bbox 1632 1740 1686 1775; x_wconf 88' lang='lat' dir='ltr'>VI,</span> <span class='ocrx_word' id='word_1_479' title='bbox 1711 1741 1781 1769; x_wconf 80' lang='lat'>535.</span> 
     </span>
    </p>

    <p class='ocr_par' dir='ltr' id='par_1_37' title="bbox 213 1777 1502 1816">
     <span class='ocr_line' id='line_1_55' title="bbox 213 1777 1502 1816; baseline 0.005 -12"><span class='ocrx_word' id='word_1_480' title='bbox 213 1777 309 1814; x_wconf 83' lang='lat' dir='ltr'>Magis</span> <span class='ocrx_word' id='word_1_481' title='bbox 331 1779 451 1814; x_wconf 88' lang='lat' dir='ltr'>prodest</span> <span class='ocrx_word' id='word_1_482' title='bbox 469 1778 544 1806; x_wconf 84' lang='lat' dir='ltr'>scire</span> <span class='ocrx_word' id='word_1_483' title='bbox 568 1777 770 1815; x_wconf 77' lang='lat' dir='ltr'>praesentiam.</span> <span class='ocrx_word' id='word_1_484' title='bbox 794 1777 879 1810; x_wconf 80' lang='lat' dir='ltr'>VIII,</span> <span class='ocrx_word' id='word_1_485' title='bbox 905 1778 976 1807; x_wconf 83' lang='grc'><strong>679,</strong></span> <span class='ocrx_word' id='word_1_486' title='bbox 1206 1778 1413 1816; x_wconf 85' lang='lat' dir='ltr'>Buchnero,</span> <span class='ocrx_word' id='word_1_487' title='bbox 1436 1781 1502 1811; x_wconf 85' lang='lat' dir='ltr'>Io.:</span> 
     </span>
    </p>

    <p class='ocr_par' dir='ltr' id='par_1_38' title="bbox 214 1819 1997 1905">
     <span class='ocr_line' id='line_1_56' title="bbox 214 1819 1997 1863; baseline 0.005 -17"><span class='ocrx_word' id='word_1_488' title='bbox 214 1820 298 1847; x_wconf 83' lang='lat' dir='ltr'>Mitto</span> <span class='ocrx_word' id='word_1_489' title='bbox 317 1819 421 1849; x_wconf 84' lang='lat' dir='ltr'>illustr.</span> <span class='ocrx_word' id='word_1_490' title='bbox 442 1820 645 1854; x_wconf 77' lang='lat' dir='ltr'>Pr.E1ectori‚</span> <span class='ocrx_word' id='word_1_491' title='bbox 669 1819 842 1849; x_wconf 67' lang='lat' dir='ltr'>Mai-ebioni.</span> <span class='ocrx_word' id='word_1_492' title='bbox 866 1820 902 1854; x_wconf 84' lang='lat' dir='ltr'>V,</span> <span class='ocrx_word' id='word_1_493' title='bbox 928 1822 998 1850; x_wconf 89' lang='lat'>907.</span> <span class='ocrx_word' id='word_1_494' title='bbox 1250 1821 1336 1851; x_wconf 81' lang='lat' dir='ltr'>Hanc</span> <span class='ocrx_word' id='word_1_495' title='bbox 1359 1825 1441 1861; x_wconf 86' lang='lat' dir='ltr'>epist.</span> <span class='ocrx_word' id='word_1_496' title='bbox 1467 1826 1570 1862; x_wconf 86' lang='lat' dir='ltr'>scripsi</span> <span class='ocrx_word' id='word_1_497' title='bbox 1594 1826 1623 1853; x_wconf 93' lang='lat' dir='ltr'>in</span> <span class='ocrx_word' id='word_1_498' title='bbox 1646 1824 1829 1863; x_wconf 81' lang='lat' dir='ltr'>Epiphaniis.</span> <span class='ocrx_word' id='word_1_499' title='bbox 1853 1825 1906 1861; x_wconf 84' lang='lat' dir='ltr'>VI,</span> <span class='ocrx_word' id='word_1_500' title='bbox 1927 1826 1997 1856; x_wconf 84' lang='grc'><strong>772.</strong></span> 
     </span>
     <span class='ocr_line' id='line_1_57' title="bbox 214 1861 1808 1905; baseline 0.005 -16"><span class='ocrx_word' id='word_1_501' title='bbox 214 1862 298 1890; x_wconf 84' lang='lat' dir='ltr'>Mitto</span> <span class='ocrx_word' id='word_1_502' title='bbox 319 1861 519 1891; x_wconf 85' lang='lat' dir='ltr'>Illustrissimo</span> <span class='ocrx_word' id='word_1_503' title='bbox 543 1863 672 1900; x_wconf 88' lang='lat' dir='ltr'>Prineipi</span> <span class='ocrx_word' id='word_1_504' title='bbox 695 1867 722 1889; x_wconf 89' lang='lat' dir='ltr'>et</span> <span class='ocrx_word' id='word_1_505' title='bbox 747 1863 838 1891; x_wconf 86' lang='lat' dir='ltr'>vobis.</span> <span class='ocrx_word' id='word_1_506' title='bbox 864 1863 917 1897; x_wconf 91' lang='lat' dir='ltr'>VI,</span> <span class='ocrx_word' id='word_1_507' title='bbox 943 1865 1012 1892; x_wconf 70' lang='grc'><strong>815.</strong></span> <span class='ocrx_word' id='word_1_508' title='bbox 1251 1865 1338 1893; x_wconf 84' lang='lat' dir='ltr'>Venit</span> <span class='ocrx_word' id='word_1_509' title='bbox 1361 1868 1398 1895; x_wconf 85' lang='lat' dir='ltr'>ad</span> <span class='ocrx_word' id='word_1_510' title='bbox 1421 1877 1474 1896; x_wconf 89' lang='lat' dir='ltr'>nos</span> <span class='ocrx_word' id='word_1_511' title='bbox 1497 1869 1635 1905; x_wconf 78' lang='lat' dir='ltr'>&#39;sm-gam.</span> <span class='ocrx_word' id='word_1_512' title='bbox 1660 1868 1712 1904; x_wconf 94' lang='lat' dir='ltr'>VI,</span> <span class='ocrx_word' id='word_1_513' title='bbox 1737 1869 1808 1898; x_wconf 84' lang='lat'>770.</span> 
     </span>
    </p>

    <p class='ocr_par' dir='ltr' id='par_1_39' title="bbox 214 1905 1588 1944">
     <span class='ocr_line' id='line_1_58' title="bbox 214 1905 1588 1944; baseline 0.004 -12"><span class='ocrx_word' id='word_1_514' title='bbox 214 1905 299 1933; x_wconf 86' lang='lat' dir='ltr'>Mitto</span> <span class='ocrx_word' id='word_1_515' title='bbox 321 1906 454 1942; x_wconf 83' lang='lat' dir='ltr'>pagellas</span> <span class='ocrx_word' id='word_1_516' title='bbox 476 1907 506 1933; x_wconf 88' lang='lat' dir='ltr'>in</span> <span class='ocrx_word' id='word_1_517' title='bbox 529 1906 633 1942; x_wconf 87' lang='lat' dir='ltr'>quibus</span> <span class='ocrx_word' id='word_1_518' title='bbox 656 1906 801 1935; x_wconf 71' lang='lat' dir='ltr'>recitatur.</span> <span class='ocrx_word' id='word_1_519' title='bbox 824 1905 880 1941; x_wconf 87' lang='lat' dir='ltr'>IX,</span> <span class='ocrx_word' id='word_1_520' title='bbox 903 1908 973 1936; x_wconf 80' lang='lat'>843.</span> <span class='ocrx_word' id='word_1_521' title='bbox 1206 1907 1376 1944; x_wconf 83' lang='lat' dir='ltr'>Buenau,</span> <span class='ocrx_word' id='word_1_522' title='bbox 1401 1910 1536 1940; x_wconf 87' lang='lat' dir='ltr'>Gunth.</span> <span class='ocrx_word' id='word_1_523' title='bbox 1556 1922 1588 1939; x_wconf 84' lang='lat' dir='ltr'>a:</span> 
     </span>
    </p>

    <p class='ocr_par' dir='ltr' id='par_1_40' title="bbox 213 1947 1864 1989">
     <span class='ocr_line' id='line_1_59' title="bbox 213 1947 1864 1989; baseline 0.005 -15"><span class='ocrx_word' id='word_1_524' title='bbox 213 1947 299 1975; x_wconf 86' lang='lat' dir='ltr'>Mitto</span> <span class='ocrx_word' id='word_1_525' title='bbox 322 1948 403 1976; x_wconf 84' lang='lat' dir='ltr'>vobis</span> <span class='ocrx_word' id='word_1_526' title='bbox 427 1948 581 1985; x_wconf 81' lang='lat' dir='ltr'>pagellam,</span> <span class='ocrx_word' id='word_1_527' title='bbox 604 1949 633 1975; x_wconf 88' lang='lat' dir='ltr'>in</span> <span class='ocrx_word' id='word_1_528' title='bbox 658 1958 723 1984; x_wconf 87' lang='lat' dir='ltr'>qua.</span> <span class='ocrx_word' id='word_1_529' title='bbox 752 1949 803 1984; x_wconf 85' lang='lat' dir='ltr'>VI,</span> <span class='ocrx_word' id='word_1_530' title='bbox 830 1949 899 1979; x_wconf 79' lang='lat'>211.</span> <span class='ocrx_word' id='word_1_531' title='bbox 1249 1950 1388 1980; x_wconf 80' lang='lat' dir='ltr'>Iuvenem</span> <span class='ocrx_word' id='word_1_532' title='bbox 1412 1954 1554 1981; x_wconf 77' lang='lat' dir='ltr'>destinavi</span> <span class='ocrx_word' id='word_1_533' title='bbox 1578 1954 1629 1981; x_wconf 84' lang='lat' dir='ltr'>tihi</span> <span class='ocrx_word' id='word_1_534' title='bbox 1654 1955 1720 1982; x_wconf 71' lang='lat' dir='ltr'>rita.</span> <span class='ocrx_word' id='word_1_535' title='bbox 1747 1955 1769 1989; x_wconf 86' lang='lat' dir='ltr'>I,</span> <span class='ocrx_word' id='word_1_536' title='bbox 1794 1954 1864 1983; x_wconf 72' lang='lat'>⁶265.</span> 
     </span>
    </p>

    <p class='ocr_par' dir='ltr' id='par_1_41' title="bbox 212 1990 1905 2033">
     <span class='ocr_line' id='line_1_60' title="bbox 212 1990 1905 2033; baseline 0.004 -16"><span class='ocrx_word' id='word_1_537' title='bbox 212 1990 297 2018; x_wconf 90' lang='lat' dir='ltr'>Multi</span> <span class='ocrx_word' id='word_1_538' title='bbox 322 1991 389 2019; x_wconf 86' lang='lat' dir='ltr'>boni</span> <span class='ocrx_word' id='word_1_539' title='bbox 413 1996 441 2018; x_wconf 91' lang='lat' dir='ltr'>et</span> <span class='ocrx_word' id='word_1_540' title='bbox 464 1992 620 2027; x_wconf 82' lang='lat' dir='ltr'>prudentes</span> <span class='ocrx_word' id='word_1_541' title='bbox 641 1991 777 2021; x_wconf 79' lang='lat' dir='ltr'>iudicare,</span> <span class='ocrx_word' id='word_1_542' title='bbox 805 1991 872 2028; x_wconf 84' lang='lat' dir='ltr'>vn,</span> <span class='ocrx_word' id='word_1_543' title='bbox 899 1993 987 2021; x_wconf 89' lang='lat'>1011.</span> <span class='ocrx_word' id='word_1_544' title='bbox 1204 1994 1455 2033; x_wconf 83' lang='lat' dir='ltr'>Bugenhagen</span> <span class='ocrx_word' id='word_1_545' title='bbox 1479 1997 1727 2032; x_wconf 75' lang='lat' dir='ltr'>(Pomerano),</span> <span class='ocrx_word' id='word_1_546' title='bbox 1753 1997 1905 2026; x_wconf 86' lang='lat' dir='ltr'>Ioanni:</span> 
     </span>
    </p>

    <p class='ocr_par' dir='ltr' id='par_1_42' title="bbox 212 2032 2164 2333">
     <span class='ocr_line' id='line_1_61' title="bbox 212 2032 2009 2075; baseline 0.007 -16"><span class='ocrx_word' id='word_1_547' title='bbox 212 2032 277 2060; x_wconf 82' lang='lat' dir='ltr'>Nec</span> <span class='ocrx_word' id='word_1_548' title='bbox 300 2033 377 2061; x_wconf 86' lang='lat' dir='ltr'>fama</span> <span class='ocrx_word' id='word_1_549' title='bbox 400 2043 453 2061; x_wconf 87' lang='lat' dir='ltr'>nec</span> <span class='ocrx_word' id='word_1_550' title='bbox 476 2034 613 2070; x_wconf 82' lang='lat' dir='ltr'>suspicio.</span> <span class='ocrx_word' id='word_1_551' title='bbox 638 2033 708 2068; x_wconf 91' lang='lat' dir='ltr'>VII,</span> <span class='ocrx_word' id='word_1_552' title='bbox 733 2034 803 2064; x_wconf 84' lang='lat'>230.</span> <span class='ocrx_word' id='word_1_553' title='bbox 1249 2037 1345 2066; x_wconf 79' lang='lat' dir='ltr'>Deum</span> <span class='ocrx_word' id='word_1_554' title='bbox 1368 2044 1516 2067; x_wconf 82' lang='lat' dir='ltr'>aeternum</span> <span class='ocrx_word' id='word_1_555' title='bbox 1542 2040 1657 2067; x_wconf 77' lang='lat' dir='ltr'>Patren]</span> <span class='ocrx_word' id='word_1_556' title='bbox 1681 2058 1731 2069; x_wconf 88' lang='lat'>—.</span> <span class='ocrx_word' id='word_1_557' title='bbox 1756 2040 1853 2068; x_wconf 87' lang='lat' dir='ltr'>Initia.</span> <span class='ocrx_word' id='word_1_558' title='bbox 1877 2041 1914 2075; x_wconf 94' lang='lat' dir='ltr'>V,</span> <span class='ocrx_word' id='word_1_559' title='bbox 1941 2042 2009 2071; x_wconf 89' lang='grc'><strong>105.</strong></span> 
     </span>
     <span class='ocr_line' id='line_1_62' title="bbox 212 2075 1870 2118; baseline 0.005 -15"><span class='ocrx_word' id='word_1_560' title='bbox 212 2075 377 2112; x_wconf 85' lang='lat' dir='ltr'>Negocium</span> <span class='ocrx_word' id='word_1_561' title='bbox 397 2077 511 2106; x_wconf 82' lang='lat' dir='ltr'>adfinis.</span> <span class='ocrx_word' id='word_1_562' title='bbox 538 2077 575 2111; x_wconf 90' lang='lat' dir='ltr'>V,</span> <span class='ocrx_word' id='word_1_563' title='bbox 598 2077 669 2105; x_wconf 89' lang='lat'>717.</span> <span class='ocrx_word' id='word_1_564' title='bbox 1247 2080 1311 2108; x_wconf 81' lang='lat' dir='ltr'>Etsi</span> <span class='ocrx_word' id='word_1_565' title='bbox 1334 2082 1363 2109; x_wconf 90' lang='lat' dir='ltr'>in</span> <span class='ocrx_word' id='word_1_566' title='bbox 1392 2086 1470 2110; x_wconf 80' lang='lat' dir='ltr'>tanta</span> <span class='ocrx_word' id='word_1_567' title='bbox 1494 2083 1697 2112; x_wconf 84' lang='lat' dir='ltr'>sollieitudine.</span> <span class='ocrx_word' id='word_1_568' title='bbox 1727 2083 1779 2118; x_wconf 90' lang='lat' dir='ltr'>IV,</span> <span class='ocrx_word' id='word_1_569' title='bbox 1800 2084 1870 2113; x_wconf 81' lang='lat'>286.</span> 
     </span>
     <span class='ocr_line' id='line_1_63' title="bbox 212 2079 2164 2184; baseline 0.006 -38"><span class='ocrx_word' id='word_1_570' title='bbox 212 2118 324 2146; x_wconf 86' lang='lat' dir='ltr'>Nescio</span> <span class='ocrx_word' id='word_1_571' title='bbox 345 2129 382 2147; x_wconf 85' lang='lat' dir='ltr'>an</span> <span class='ocrx_word' id='word_1_572' title='bbox 406 2119 537 2157; x_wconf 78' lang='lat' dir='ltr'>pagellas</span> <span class='ocrx_word' id='word_1_573' title='bbox 557 2120 592 2147; x_wconf 87' lang='lat' dir='ltr'>de</span> <span class='ocrx_word' id='word_1_574' title='bbox 614 2119 802 2148; x_wconf 85' lang='lat' dir='ltr'>Thammero.</span> <span class='ocrx_word' id='word_1_575' title='bbox 828 2120 884 2155; x_wconf 91' lang='lat' dir='ltr'>IX,</span> <span class='ocrx_word' id='word_1_576' title='bbox 910 2121 977 2149; x_wconf 87' lang='lat'>153.</span> <span class='ocrx_word' id='word_1_577' title='bbox 1174 2079 1180 2184; x_wconf 72' lang='grc' dir='ltr'>Ι</span> <span class='ocrx_word' id='word_1_578' title='bbox 1247 2121 1380 2152; x_wconf 82' lang='lat' dir='ltr'>Gratiam</span> <span class='ocrx_word' id='word_1_579' title='bbox 1403 2130 1431 2153; x_wconf 86' lang='lat' dir='ltr'>et</span> <span class='ocrx_word' id='word_1_580' title='bbox 1453 2135 1555 2162; x_wconf 85' lang='lat' dir='ltr'>pacem</span> <span class='ocrx_word' id='word_1_581' title='bbox 1580 2126 1635 2154; x_wconf 85' lang='lat' dir='ltr'>Dei</span> <span class='ocrx_word' id='word_1_582' title='bbox 1658 2126 1687 2153; x_wconf 91' lang='lat' dir='ltr'>in</span> <span class='ocrx_word' id='word_1_583' title='bbox 1712 2125 1838 2155; x_wconf 80' lang='lat' dir='ltr'>Christo.</span> <span class='ocrx_word' id='word_1_584' title='bbox 1862 2126 1969 2157; x_wconf 86' lang='lat' dir='ltr'>Hodie.</span> <span class='ocrx_word' id='word_1_585' title='bbox 1993 2126 2048 2163; x_wconf 91' lang='lat' dir='ltr'>III,</span> <span class='ocrx_word' id='word_1_586' title='bbox 2074 2128 2164 2157; x_wconf 88' lang='lat'>1060.</span> 
     </span>
     <span class='ocr_line' id='line_1_64' title="bbox 212 2160 1964 2292; baseline 0.004 -103"><span class='ocrx_word' id='word_1_587' title='bbox 212 2160 284 2189; x_wconf 89' lang='lat' dir='ltr'>Non</span> <span class='ocrx_word' id='word_1_588' title='bbox 307 2162 378 2197; x_wconf 82' lang='lat' dir='ltr'>dixi,</span> <span class='ocrx_word' id='word_1_589' title='bbox 402 2162 473 2190; x_wconf 87' lang='lat' dir='ltr'>mihi</span> <span class='ocrx_word' id='word_1_590' title='bbox 496 2162 623 2190; x_wconf 85' lang='lat' dir='ltr'>oblatam</span> <span class='ocrx_word' id='word_1_591' title='bbox 649 2171 723 2191; x_wconf 87' lang='lat' dir='ltr'>esse.</span> <span class='ocrx_word' id='word_1_592' title='bbox 760 2161 816 2197; x_wconf 87' lang='lat' dir='ltr'>IX,</span> <span class='ocrx_word' id='word_1_593' title='bbox 841 2164 910 2193; x_wconf 89' lang='lat'>789.</span> <span class='ocrx_word' id='word_1_594' title='bbox 1173 2190 1178 2292; x_wconf 73' lang='grc' dir='ltr'>Ι</span> <span class='ocrx_word' id='word_1_595' title='bbox 1248 2164 1351 2195; x_wconf 85' lang='lat' dir='ltr'>Habeo</span> <span class='ocrx_word' id='word_1_596' title='bbox 1375 2168 1427 2196; x_wconf 90' lang='lat' dir='ltr'>tibi</span> <span class='ocrx_word' id='word_1_597' title='bbox 1451 2170 1575 2205; x_wconf 84' lang='lat' dir='ltr'>gratiam</span> <span class='ocrx_word' id='word_1_598' title='bbox 1599 2178 1635 2196; x_wconf 78' lang='lat' dir='ltr'>ex</span> <span class='ocrx_word' id='word_1_599' title='bbox 1659 2170 1765 2198; x_wconf 84' lang='lat' dir='ltr'>animo.</span> <span class='ocrx_word' id='word_1_600' title='bbox 1791 2168 1848 2204; x_wconf 91' lang='lat' dir='ltr'>III,</span> <span class='ocrx_word' id='word_1_601' title='bbox 1874 2171 1964 2199; x_wconf 86' lang='lat'>1061.</span> 
     </span>
     <span class='ocr_line' id='line_1_65' title="bbox 213 2289 1805 2333; baseline 0.007 -17"><span class='ocrx_word' id='word_1_602' title='bbox 213 2289 351 2318; x_wconf 90' lang='lat' dir='ltr'>Nondum</span> <span class='ocrx_word' id='word_1_603' title='bbox 375 2291 430 2319; x_wconf 88' lang='lat' dir='ltr'>huc</span> <span class='ocrx_word' id='word_1_604' title='bbox 452 2292 537 2319; x_wconf 70' lang='lat' dir='ltr'>rediit</span> <span class='ocrx_word' id='word_1_605' title='bbox 563 2291 734 2319; x_wconf 75' lang='lat' dir='ltr'>Valentinus</span> <span class='ocrx_word' id='word_1_606' title='bbox 757 2291 926 2328; x_wconf 82' lang='lat' dir='ltr'>Engelhart.</span> <span class='ocrx_word' id='word_1_607' title='bbox 950 2291 1006 2328; x_wconf 90' lang='lat' dir='ltr'>IX,</span> <span class='ocrx_word' id='word_1_608' title='bbox 1031 2294 1102 2323; x_wconf 88' lang='lat'>831.</span> <span class='ocrx_word' id='word_1_609' title='bbox 1244 2294 1339 2323; x_wconf 81' lang='lat' dir='ltr'>Valde</span> <span class='ocrx_word' id='word_1_610' title='bbox 1362 2302 1473 2333; x_wconf 80' lang='lat' dir='ltr'>gratam</span> <span class='ocrx_word' id='word_1_611' title='bbox 1495 2307 1555 2325; x_wconf 88' lang='lat' dir='ltr'>rem</span> <span class='ocrx_word' id='word_1_612' title='bbox 1579 2298 1659 2326; x_wconf 81' lang='lat' dir='ltr'>mihi.</span> <span class='ocrx_word' id='word_1_613' title='bbox 1684 2297 1709 2332; x_wconf 90' lang='lat' dir='ltr'>I,</span> <span class='ocrx_word' id='word_1_614' title='bbox 1734 2298 1805 2327; x_wconf 80' lang='lat'>882.</span> 
     </span>
    </p>

    <p class='ocr_par' dir='ltr' id='par_1_43' title="bbox 212 2331 1591 2377">
     <span class='ocr_line' id='line_1_66' title="bbox 212 2331 1591 2377; baseline 0.007 -18"><span class='ocrx_word' id='word_1_615' title='bbox 212 2331 317 2368; x_wconf 87' lang='lat' dir='ltr'>Nuper</span> <span class='ocrx_word' id='word_1_616' title='bbox 340 2343 413 2370; x_wconf 84' lang='lat' dir='ltr'>quae</span> <span class='ocrx_word' id='word_1_617' title='bbox 433 2334 578 2362; x_wconf 82' lang='lat' dir='ltr'>Brentius.</span> <span class='ocrx_word' id='word_1_618' title='bbox 604 2333 656 2369; x_wconf 87' lang='lat' dir='ltr'>Vl,</span> <span class='ocrx_word' id='word_1_619' title='bbox 680 2334 751 2363; x_wconf 87' lang='lat'>427.</span> <span class='ocrx_word' id='word_1_620' title='bbox 1201 2336 1441 2377; x_wconf 84' lang='lat' dir='ltr'>Bullingero,</span> <span class='ocrx_word' id='word_1_621' title='bbox 1465 2339 1591 2370; x_wconf 88' lang='lat' dir='ltr'>Hen1·.:</span> 
     </span>
    </p>

    <p class='ocr_par' dir='ltr' id='par_1_44' title="bbox 213 2373 1927 2461">
     <span class='ocr_line' id='line_1_67' title="bbox 213 2373 1927 2421; baseline 0.006 -19"><span class='ocrx_word' id='word_1_622' title='bbox 213 2373 273 2403; x_wconf 89' lang='lat' dir='ltr'>Oro</span> <span class='ocrx_word' id='word_1_623' title='bbox 297 2376 381 2403; x_wconf 87' lang='lat' dir='ltr'>deum</span> <span class='ocrx_word' id='word_1_624' title='bbox 404 2382 552 2405; x_wconf 79' lang='lat' dir='ltr'>aeternum</span> <span class='ocrx_word' id='word_1_625' title='bbox 567 2395 606 2398; x_wconf 84' lang='lat'><strong>—</strong></span> <span class='ocrx_word' id='word_1_626' title='bbox 624 2382 653 2405; x_wconf 90' lang='lat' dir='ltr'>ut</span> <span class='ocrx_word' id='word_1_627' title='bbox 676 2377 763 2405; x_wconf 69' lang='lat' dir='ltr'>leniat</span> <span class='ocrx_word' id='word_1_628' title='bbox 785 2378 968 2407; x_wconf 79' lang='lat' dir='ltr'>moestitiam.</span> <span class='ocrx_word' id='word_1_629' title='bbox 994 2378 1050 2415; x_wconf 76' lang='lat' dir='ltr'>IX,</span> <span class='ocrx_word' id='word_1_630' title='bbox 1074 2381 1144 2410; x_wconf 86' lang='lat'>824.</span> <span class='ocrx_word' id='word_1_631' title='bbox 1243 2382 1331 2419; x_wconf 89' lang='lat' dir='ltr'>Apud</span> <span class='ocrx_word' id='word_1_632' title='bbox 1354 2383 1580 2420; x_wconf 76' lang='lat' dir='ltr'>Xenophontem</span> <span class='ocrx_word' id='word_1_633' title='bbox 1604 2384 1750 2421; x_wconf 77' lang='lat' dir='ltr'>scriptum.</span> <span class='ocrx_word' id='word_1_634' title='bbox 1776 2384 1831 2419; x_wconf 81' lang='lat' dir='ltr'>IX,</span> <span class='ocrx_word' id='word_1_635' title='bbox 1857 2384 1927 2414; x_wconf 86' lang='lat'>296.</span> 
     </span>
     <span class='ocr_line' id='line_1_68' title="bbox 213 2416 1760 2461; baseline 0.006 -16"><span class='ocrx_word' id='word_1_636' title='bbox 213 2416 273 2445; x_wconf 85' lang='lat' dir='ltr'>Oro</span> <span class='ocrx_word' id='word_1_637' title='bbox 298 2418 387 2446; x_wconf 88' lang='lat' dir='ltr'>filium</span> <span class='ocrx_word' id='word_1_638' title='bbox 410 2418 467 2447; x_wconf 86' lang='lat' dir='ltr'>Dei</span> <span class='ocrx_word' id='word_1_639' title='bbox 487 2437 527 2441; x_wconf 81' lang='lat'>—</span> <span class='ocrx_word' id='word_1_640' title='bbox 547 2425 576 2447; x_wconf 85' lang='lat' dir='ltr'>et</span> <span class='ocrx_word' id='word_1_641' title='bbox 599 2421 648 2447; x_wconf 88' lang='lat' dir='ltr'>det</span> <span class='ocrx_word' id='word_1_642' title='bbox 667 2421 736 2448; x_wconf 73' lang='lat' dir='ltr'>felix</span> <span class='ocrx_word' id='word_1_643' title='bbox 758 2422 932 2458; x_wconf 82' lang='lat' dir='ltr'>coniugium.</span> <span class='ocrx_word' id='word_1_644' title='bbox 959 2421 1016 2458; x_wconf 89' lang='lat' dir='ltr'>IX,</span> <span class='ocrx_word' id='word_1_645' title='bbox 1044 2425 1133 2454; x_wconf 81' lang='lat'>1049,</span> <span class='ocrx_word' id='word_1_646' title='bbox 1244 2424 1318 2453; x_wconf 81' lang='lat' dir='ltr'>Cum</span> <span class='ocrx_word' id='word_1_647' title='bbox 1340 2426 1428 2454; x_wconf 83' lang='lat' dir='ltr'>allata</span> <span class='ocrx_word' id='word_1_648' title='bbox 1451 2431 1555 2455; x_wconf 75' lang='lat' dir='ltr'>essent.</span> <span class='ocrx_word' id='word_1_649' title='bbox 1580 2427 1664 2461; x_wconf 81' lang='lat' dir='ltr'>VIII,</span> <span class='ocrx_word' id='word_1_650' title='bbox 1690 2428 1760 2455; x_wconf 66' lang='lat'>523.</span> 
     </span>
    </p>

    <p class='ocr_par' dir='ltr' id='par_1_45' title="bbox 212 2458 1802 2506">
     <span class='ocr_line' id='line_1_69' title="bbox 212 2458 1802 2506; baseline 0.006 -18"><span class='ocrx_word' id='word_1_651' title='bbox 212 2458 274 2488; x_wconf 91' lang='lat' dir='ltr'>Oro</span> <span class='ocrx_word' id='word_1_652' title='bbox 301 2461 391 2489; x_wconf 89' lang='lat' dir='ltr'>filium</span> <span class='ocrx_word' id='word_1_653' title='bbox 415 2461 472 2490; x_wconf 89' lang='lat' dir='ltr'>Dei</span> <span class='ocrx_word' id='word_1_654' title='bbox 489 2480 540 2490; x_wconf 86' lang='lat'>—.</span> <span class='ocrx_word' id='word_1_655' title='bbox 564 2463 717 2491; x_wconf 83' lang='lat' dir='ltr'>Venissem</span> <span class='ocrx_word' id='word_1_656' title='bbox 740 2464 777 2491; x_wconf 87' lang='lat' dir='ltr'>ad</span> <span class='ocrx_word' id='word_1_657' title='bbox 800 2474 921 2494; x_wconf 83' lang='lat' dir='ltr'>sacrum.</span> <span class='ocrx_word' id='word_1_658' title='bbox 948 2465 1032 2501; x_wconf 87' lang='lat' dir='ltr'>VIII,</span> <span class='ocrx_word' id='word_1_659' title='bbox 1053 2467 1123 2496; x_wconf 87' lang='lat'>791.</span> <span class='ocrx_word' id='word_1_660' title='bbox 1243 2467 1318 2496; x_wconf 89' lang='lat' dir='ltr'>Cum</span> <span class='ocrx_word' id='word_1_661' title='bbox 1342 2479 1401 2497; x_wconf 88' lang='lat' dir='ltr'>non</span> <span class='ocrx_word' id='word_1_662' title='bbox 1425 2470 1624 2506; x_wconf 70' lang='lat' dir='ltr'>perfecissent.</span> <span class='ocrx_word' id='word_1_663' title='bbox 1650 2469 1706 2505; x_wconf 89' lang='lat' dir='ltr'>IX,</span> <span class='ocrx_word' id='word_1_664' title='bbox 1731 2471 1802 2498; x_wconf 83' lang='lat'>327.</span> 
     </span>
    </p>

    <p class='ocr_par' dir='ltr' id='par_1_46' title="bbox 212 2501 1826 2549">
     <span class='ocr_line' id='line_1_70' title="bbox 212 2501 1826 2549; baseline 0.007 -19"><span class='ocrx_word' id='word_1_665' title='bbox 212 2501 273 2531; x_wconf 86' lang='lat' dir='ltr'>Oro</span> <span class='ocrx_word' id='word_1_666' title='bbox 296 2505 424 2540; x_wconf 85' lang='lat' dir='ltr'>quotidie</span> <span class='ocrx_word' id='word_1_667' title='bbox 446 2505 537 2533; x_wconf 85' lang='lat' dir='ltr'>filiurn</span> <span class='ocrx_word' id='word_1_668' title='bbox 562 2504 628 2535; x_wconf 86' lang='lat' dir='ltr'>Dei.</span> <span class='ocrx_word' id='word_1_669' title='bbox 654 2506 722 2541; x_wconf 81' lang='lat' dir='ltr'>VII,</span> <span class='ocrx_word' id='word_1_670' title='bbox 748 2507 837 2535; x_wconf 87' lang='grc'><strong>1152.</strong></span> <span class='ocrx_word' id='word_1_671' title='bbox 1244 2510 1391 2540; x_wconf 85' lang='lat' dir='ltr'>Fortassis</span> <span class='ocrx_word' id='word_1_672' title='bbox 1414 2513 1581 2549; x_wconf 81' lang='lat' dir='ltr'>priusquam</span> <span class='ocrx_word' id='word_1_673' title='bbox 1606 2513 1668 2542; x_wconf 87' lang='lat' dir='ltr'>hae.</span> <span class='ocrx_word' id='word_1_674' title='bbox 1694 2513 1731 2547; x_wconf 87' lang='lat' dir='ltr'>V,</span> <span class='ocrx_word' id='word_1_675' title='bbox 1756 2514 1826 2542; x_wconf 72' lang='lat'>475.</span> 
     </span>
    </p>
   </div>
   <div class='ocr_carea' id='block_1_9' title="bbox 213 2545 1756 2590">
    <p class='ocr_par' dir='ltr' id='par_1_47' title="bbox 213 2545 1756 2590">
     <span class='ocr_line' id='line_1_71' title="bbox 213 2545 1756 2590; baseline 0.007 -17"><span class='ocrx_word' id='word_1_676' title='bbox 213 2545 348 2584; x_wconf 82' lang='lat' dir='ltr'>Pagellas</span> <span class='ocrx_word' id='word_1_677' title='bbox 370 2548 405 2575; x_wconf 88' lang='lat' dir='ltr'>de</span> <span class='ocrx_word' id='word_1_678' title='bbox 427 2554 519 2576; x_wconf 87' lang='lat' dir='ltr'>morte</span> <span class='ocrx_word' id='word_1_679' title='bbox 542 2548 681 2579; x_wconf 84' lang='lat' dir='ltr'>Forsteri.</span> <span class='ocrx_word' id='word_1_680' title='bbox 711 2548 767 2587; x_wconf 80' lang='lat' dir='ltr'>IX,</span> <span class='ocrx_word' id='word_1_681' title='bbox 793 2551 842 2579; x_wconf 86' lang='lat'>74.</span> <span class='ocrx_word' id='word_1_682' title='bbox 1243 2553 1341 2582; x_wconf 88' lang='lat' dir='ltr'>Hodie</span> <span class='ocrx_word' id='word_1_683' title='bbox 1364 2560 1444 2583; x_wconf 88' lang='lat' dir='ltr'>tuum</span> <span class='ocrx_word' id='word_1_684' title='bbox 1467 2564 1580 2585; x_wconf 82' lang='lat' dir='ltr'>munus.</span> <span class='ocrx_word' id='word_1_685' title='bbox 1604 2555 1662 2590; x_wconf 90' lang='lat' dir='ltr'>IX,</span> <span class='ocrx_word' id='word_1_686' title='bbox 1686 2556 1756 2584; x_wconf 70' lang='lat'>283.</span> 
     </span>
    </p>
   </div>
  </div>
 </body>
</html>
