2299 2921
137 137 180 168 79

139 231 199 259 Ian.
241 230 291 259 29.

787 132 972 164 PH1L1PP1
996 130 1209 163 MELANTH
1215 130 1317 163 ONlS
1342 131 1501 163 OPERA.
2103 134 2146 166 80

317 230 385 258 Mel.
413 230 448 257 ad
472 229 657 266 Myconium:
684 227 768 263 „Nos
792 228 831 255 ita
852 235 951 255 sumus
975 226 1070 254 obruti
1094 226 1260 260 laboribus,
1284 231 1317 254 ut
1339 235 1426 264 saepe
1449 227 1484 255 de
1503 227 1573 265 fuga
1596 229 1730 266 cogitem,
1754 238 1788 257 ac
1810 230 1865 258 nisi
1890 239 1935 258 me
1957 234 2091 259 senectus
2114 235 2144 260 et

362 273 437 300 vitae
458 271 598 308 longioris
619 271 782 307 desperatio
806 274 927 304 teneret,
951 269 1077 297 latebras
1100 269 1212 306 aliquas
1234 269 1396 307 ubicunque
1419 271 1717 308 circumspectarem.“

138 316 222 345 Febr.
258 317 304 344 10.
327 315 451 343 Moritur
473 313 598 342 Ioannes
620 312 739 341 Eckius.

254 360 301 387 16.

255 403 302 430 17.

257 445 303 473 18.

256 487 306 516 22.

322 357 438 386 Laudes
462 357 581 384 Ioannis
604 354 733 392 Stigelii,
758 354 876 392 poetae,
900 354 1000 382 scribit
1024 354 1060 381 ad
1083 352 1244 391 Georgium
1267 354 1469 384 Anhaltinum.

323 401 488 433 Mauritius,
512 398 582 426 Dux
604 397 727 432 Saxon,
750 397 885 431 declarat,
909 406 940 424 se
962 397 1039 425 nolle
1063 397 1200 425 accedere
1224 397 1260 424 ad
1284 397 1400 425 Foedus
1422 397 1564 427 Schmalc.

325 444 392 471 Mel.
415 442 515 470 scribit
537 441 573 468 ad
594 440 879 468 Albertumeucem
904 439 1040 467 Prussiae
1063 440 1099 467 de
1121 445 1197 467 recte
1219 440 1405 468 instituendis
1427 440 1566 469 ecclesiis.

329 485 465 519 Dubitat,
497 492 535 511 an
563 484 707 511 conducat
736 483 793 510 iter
825 483 921 510 facere
951 483 987 510 ad
1015 482 1278 520 Archiepiscopum
1301 483 1516 512 Coloniensem.
1569 483 1652 520 (vid.
1682 485 1767 512 etiam
1802 494 1846 523 ep.
1873 486 1908 513 ad
1933 486 2081 516 Camerar.
2110 489 2141 516 d.

361 530 387 556 4.
412 527 511 562 Mart.)

138 574 225 603 Mart.
261 572 308 601 12.
333 571 514 600 Sententiam
538 578 619 596 suam
643 574 671 596 et
694 567 815 595 Lutheri
838 569 874 596 de
898 568 1037 596 descensu
1060 567 1170 596 Christi
1193 569 1230 595 ad
1252 569 1361 597 inferos
1383 569 1492 597 scribit.

325 614 393 642 Mel.
414 613 451 640 ad
469 614 579 640 Anton.
604 611 730 639 Musam:
756 610 847 647 „Mihi
868 611 898 638 in
919 610 987 638 aula
1009 611 1154 638 calumnia
1175 610 1299 648 insignis
1322 611 1471 640 subeunda
1490 610 1555 647 fuit,
1579 617 1732 649 propterea
1751 612 1829 649 qnod
1852 613 1963 650 rogavi,
1986 617 2017 641 ut
2037 616 2074 643 de
2096 623 2143 644 or-

360 656 508 684 dinatione
530 655 606 682 ratio
629 654 779 682 iniretur.“
1568 674 1569 678 ,

325 700 413 728 Mittit
436 698 504 726 Vito
523 697 680 725 Theodoro
703 696 906 725 conciunculas
929 696 964 724 de
982 696 1076 724 Paulo
1098 702 1126 723 et
1148 695 1313 734 Polycarpo
1332 702 1360 724 et
1384 697 1607 734 explicationem
1630 698 1665 725 de
1687 697 1839 735 baptismo.

253 743 302 771 26.
326 743 479 780 Myconius
501 740 601 769 scribit
622 739 802 767 Melanthoni
826 740 862 767 de
885 744 961 767 statu
982 739 1180 767 Ecclesiarum
1200 739 1230 766 in
1253 739 1424 776 Thuringia.

254 786 303 814 28.
327 786 394 813 Mel.
420 783 555 820 Philippo
578 782 765 820 Landgram'o
789 782 930 815 affirmat,
955 781 1114 809 Lutheruni
1137 791 1205 817 non,
1229 787 1260 809 ut
1278 782 1432 817 ferebatur,
1453 783 1489 810 de
1510 783 1637 820 digamia
1660 783 1769 820 aliquid
1793 783 1927 812 scribere.

139 829 232 867 April.
274 830 303 858 4.
327 828 480 856 Praefatur
498 827 528 853 in
552 825 634 863 Nopi
656 827 803 853 axiomata
824 825 975 862 religionis
998 835 1015 852 a
1038 825 1140 852 Matth.
1160 824 1275 853 Collino
1300 825 1386 853 edita.

276 873 303 900 8.
328 872 419 899 Adest
444 869 653 903 Medmannus,
681 869 794 905 legatus
816 868 953 905 Archiep.
978 866 1180 902 Coloniensis,
1210 873 1237 895 et
1265 869 1352 905 petit,
1382 873 1413 895 ut
1442 867 1622 895 Melanthoni
1647 868 1701 896 iter
1731 868 1767 895 ad
1792 869 2053 906 Archiepiscopum
2080 879 2144 907 per-

360 914 498 942 mittatur.

254 958 301 986 10.
326 957 465 993 Princeps
485 955 601 983 Elector
623 954 803 982 Melanthoni
827 958 1019 982 commeatum
1051 954 1114 988 dat,
1144 954 1228 991 eique
1251 954 1337 982 mittit
1361 953 1495 981 viaticum
1524 958 1640 981 centum
1669 954 1844 981 florenorum
1872 958 1899 981 et
1928 954 2048 982 comites
2070 955 2144 984 duos

360 999 471 1036 equites
494 1002 630 1026 armatos.

256 1044 301 1072 17.
324 1043 392 1071 Mel.
428 1043 483 1070 iter
516 1041 675 1077 ingreditur
702 1041 837 1068 Bonnam
871 1040 909 1067 ad
940 1039 1201 1077 Archiepiscopum
1232 1039 1335 1068 Colon.
1370 1039 1524 1068 comitibus
1557 1038 1637 1067 Iusto
1668 1039 1755 1073 Iona,
1793 1039 1867 1074 filio,
1901 1044 1929 1067 et
1963 1039 2144 1078 Hieronymo

362 1084 541 1115 Schreibero.
1209 1116 1211 1119 ι
2138 1109 2139 1112 ¹

253 1130 302 1158 20.
326 1129 394 1157 Mel.
418 1128 529 1156 viderat
550 1131 578 1154 et
598 1133 722 1154 auxerat
741 1125 832 1153 Alesii
856 1126 1081 1162 disputationem
1103 1125 1138 1153 de
1163 1125 1254 1162 primo
1278 1125 1371 1162 capite
1394 1125 1424 1152 in
1444 1125 1498 1162 Ep.
1523 1125 1559 1152 ad
1584 1124 1748 1158 Romanos,
1776 1129 1804 1152 ct
1832 1125 1961 1153 eiusdem
1985 1126 2146 1163 expositio-

362 1181 428 1199 nem
448 1170 557 1198 Psalmi
580 1169 675 1206 primi.

253 1215 303 1243 23.
327 1215 395 1242 Mel.
417 1218 461 1242 cst
483 1212 609 1241 Gothae.

329 1257 388 1285 Iter
410 1256 478 1284 fecit
501 1265 552 1293 per
576 1255 714 1282 ditionem
739 1253 978 1285 Nassaviensem,
1002 1253 1051 1281 ubi
1074 1252 1246 1281 Knutelium
1267 1252 1412 1281 salutavit.

328 1301 361 1328 In
384 1301 488 1328 itinere
511 1308 627 1326 carmen
650 1297 730 1325 fecit:
757 1296 876 1333 „Imago
899 1296 1050 1330 ecclesiae,
1074 1295 1168 1323 Exod.
1195 1296 1263 1323 33ss

139 1345 207 1373 Mai.
273 1345 301 1373 9.
325 1342 430 1372 Scribit
452 1342 553 1370 amicis
573 1341 610 1369 de
633 1341 740 1368 misero
763 1344 839 1367 statu
863 1338 1050 1367 ecclesiarum
1073 1337 1303 1373 coloniensium,
1328 1342 1356 1365 et
1374 1338 1410 1365 de
1434 1347 1478 1372 eo,
1501 1338 1578 1374 quod
1602 1338 1723 1366 Bonnae
1746 1344 1841 1367 actum
1860 1339 1908 1366 sit.

326 1386 505 1423 Philippum,
526 1384 616 1412 filium
639 1393 722 1412 suum
745 1383 870 1420 graviter
892 1382 1034 1417 hortatur,
1058 1385 1090 1409 ut
1108 1381 1232 1418 diligens
1251 1381 1289 1409 sit
1311 1386 1340 1409 et
1362 1381 1446 1409 matri
1465 1380 1650 1417 obsequatur.

255 1431 303 1459 11.
327 1429 450 1458 Calvino
473 1428 572 1456 scribit
595 1427 630 1454 de
652 1426 739 1454 rebus
761 1425 942 1462 theologicis.

256 1473 305 1501 19.
328 1471 458 1500 Luthero
481 1474 589 1504 narrat,
613 1479 688 1506 quae
712 1469 834 1497 Bonnae
855 1472 988 1505 agantur.

255 1516 304 1544 23.
328 1515 416 1543 Liber
439 1514 517 1542 Cleri
540 1512 704 1541 secundarii
723 1510 825 1539 Colon.
848 1512 987 1539 adversus
1011 1510 1272 1547 Archiepiscopum
1296 1510 1401 1547 prodit.

328 1557 394 1586 Hoc
417 1565 547 1593 tempore
573 1555 742 1583 Melanthon
771 1554 895 1582 formam
925 1563 1073 1582 sacrorum
1102 1553 1348 1581 emendandorum
1377 1562 1394 1580 a
1417 1552 1530 1580 Bucero
1554 1552 1786 1589 Archiepiscopo
1810 1551 1945 1579 traditam
1968 1551 2091 1589 perlegit
2115 1556 2146 1580 et

361 1610 415 1629 sua
438 1600 527 1627 addit.
549 1615 590 1619 --
614 1597 719 1635 Capita
744 1598 780 1625 de
801 1597 962 1631 Trinitate,
991 1597 1026 1624 de
1055 1596 1215 1630 creatione,
1245 1596 1280 1624 de
1304 1602 1423 1633 peccato
1452 1595 1587 1632 originiS,
1617 1596 1652 1622 de
1681 1595 1791 1623 iustitia
1818 1594 1886 1622 fidei
1916 1598 1944 1622 et
1966 1604 2086 1631 operum
2109 1594 2145 1622 de

361 1643 494 1672 Ecclesia
516 1646 543 1669 et
565 1642 600 1669 de
624 1641 803 1678 poenitentia
825 1641 855 1668 in
878 1640 952 1668 libro
976 1638 1143 1667 Coloniensi
1166 1639 1385 1667 Melanthonem
1408 1639 1515 1666 habent
1537 1642 1694 1666 auctorem.

254 1687 302 1716 26.
327 1685 449 1715 Carolus
471 1685 636 1722 Imperator
659 1684 772 1712 Ducem
796 1682 865 1712 Sax.
890 1683 1053 1711 Electorem
1079 1688 1106 1710 et
1129 1682 1297 1720 Philippum
1320 1681 1447 1719 Landgr.
1470 1681 1602 1709 hortatur
1629 1690 1679 1718 per
1702 1680 1827 1715 litteras,
1856 1678 1980 1708 Genuae
2010 1680 2145 1718 scriptas,

362 1734 393 1758 ut
415 1729 526 1757 auxilia
548 1728 663 1755 mittant
686 1728 825 1755 adversus
843 1726 965 1755 Turcas.

141 1773 206 1802 Iun.
334 1773 502 1800 Melanthon
526 1771 625 1798 scribit
647 1779 818 1807 responsum
842 1770 878 1797 ad
898 1769 1014 1797 Clerum
1037 1768 1240 1796 secundarium
1261 1767 1473 1796 Coloniensem.

279 1818 303 1844 1.
326 1815 460 1853 Epistola
479 1814 579 1851 Papae
601 1813 638 1840 ad
661 1813 788 1850 collegas
811 1812 941 1850 primarii
963 1811 1061 1848 templi
1087 1811 1238 1845 Coloniae,
1262 1820 1298 1837 ne
1321 1810 1508 1837 mutationem
1532 1818 1679 1837 sacrorum
1703 1809 1872 1836 concedant.

257 1859 304 1887 19.
329 1857 523 1886 Melanthonis
545 1855 660 1883 libellus
683 1857 822 1884 adversus
845 1855 961 1884 Clerum
985 1854 1189 1883 Coloniensem
1214 1853 1306 1881 editus
1325 1857 1376 1881 est.

257 1902 306 1929 20.
331 1902 398 1929 Mel.
423 1900 535 1937 prolixe
558 1899 657 1926 scribit
681 1899 717 1926 ad
741 1897 879 1926 Senatum
899 1896 1072 1926 Soostanum
1095 1897 1130 1924 de
1153 1896 1338 1924 instituendis
1357 1895 1475 1924 scholis.

259 1944 308 1973 22.
333 1943 500 1971 Conventus
522 1942 655 1970 ordinum
679 1941 909 1970 Coloniensium.
935 1940 1040 1977 quibus
1062 1940 1185 1967 traditur
1208 1939 1243 1966 ab
1268 1939 1499 1975 Archiepiscopo
1522 1937 1596 1965 liber
1618 1935 1843 1965 reformationis.

334 1988 468 2015 Exeunte
492 1985 577 2013 Iunio
601 1984 690 2022 Casp.
713 1984 809 2012 Hedio
833 1984 910 2011 venit
933 1981 1097 2011 Coloniam.

141 2031 196 2060 Iul.
330 2029 501 2058 Melanthon
531 2028 653 2056 Bonnae
686 2027 785 2055 scribit
819 2026 947 2054 libellum
980 2026 1016 2053 de
1049 2025 1214 2053 discrimine
1245 2024 1348 2052 veteris
1382 2029 1408 2051 et
1443 2024 1511 2051 novi
1540 2023 1678 2059 Testam.,
1712 2023 1761 2058 qui
1795 2027 1894 2060 postea
1927 2022 2044 2050 ineunte
2073 2021 2145 2050 Dec.

366 2073 458 2100 editus
482 2076 533 2100 est.

279 2117 307 2144 6.
332 2116 413 2152 Papa
436 2114 590 2143 concilium
613 2114 751 2141 indictum
775 2113 877 2140 iterum
902 2116 1048 2149 prorogat.

261 2158 306 2187 12.
330 2156 473 2186 Concedit
496 2157 743 2193 Archiepiscopus
767 2155 954 2189 Melanthoni,
978 2159 1009 2181 ut
1032 2154 1148 2182 domum
1167 2154 1274 2181 redeat.

258 2202 306 2230 13.
328 2201 463 2230 Caesaris
487 2200 631 2228 exercitus
654 2199 758 2227 missus
776 2199 916 2226 adversus
940 2197 1051 2225 Ducem
1075 2195 1240 2224 Clivensem
1260 2196 1337 2223 venit
1360 2196 1389 2223 in
1415 2195 1549 2222 viciniam
1573 2194 1703 2223 Bonnae.

260 2245 306 2273 18.
331 2245 397 2273 Mel.
421 2245 446 2271 d.
475 2243 586 2272 18.1u1.
612 2242 673 2270 vult
693 2242 782 2277 abire,
806 2242 856 2269 sed
879 2241 1018 2268 retinetur
1035 2240 1167 2277 precibus
1186 2239 1335 2271 nobilium,
1360 2239 1408 2275 qui
1432 2242 1544 2275 rogant,
1569 2247 1604 2265 ne
1627 2242 1692 2265 ante
1706 2242 1876 2265 conventum
1899 2235 2033 2264 ordinum
2050 2235 2146 2262 abeat.

188 2288 237 2317 24.
262 2287 310 2315 25.
336 2287 446 2315 Amicis
468 2286 637 2314 Melanthon
660 2285 759 2312 scribit
781 2284 931 2312 historiam
955 2287 1122 2311 conventus.

258 2330 306 2359 25.
329 2329 452 2359 Carolus
474 2328 635 2366 Imperator
665 2328 744 2355 venit
763 2326 892 2364 Spiram,
925 2327 961 2354 ad
989 2335 1073 2363 quem
1103 2325 1293 2362 proficiscitur
1317 2324 1521 2359 Hermannus,
1550 2323 1686 2361 Archiep.
1709 2322 1830 2356 Colon.‚
1859 2322 2065 2358 deprecaturus
2094 2328 2149 2358 pro

368 2372 451 2401 Duce
470 2371 591 2401 Cliviae.

261 2415 310 2444 28.
335 2415 378 2442 vel
402 2416 428 2443 d.
451 2415 498 2443 29.
524 2414 691 2442 Melanthon
714 2413 774 2441 abit
791 2413 905 2441 Bonna.

260 2459 310 2486 30.
333 2458 386 2486 Est
408 2458 437 2486 in
461 2467 527 2485 arce
549 2456 758 2484 Runckeliana.
781 2473 823 2476 —
846 2454 949 2483 Studia
972 2459 999 2482 et
1021 2454 1138 2491 negotia
1158 2453 1316 2481 amicorum
1341 2463 1405 2480 eum
1428 2457 1609 2480 remorantur
1631 2451 1661 2479 'm
1680 2451 1792 2479 itinere.

144 2501 221 2538 Aug.
284 2501 312 2530 6.
338 2500 563 2528 Francofordiae
585 2500 664 2527 litem
684 2499 838 2527 Pastorum
861 2498 897 2525 de
920 2506 1003 2525 sacra
1028 2506 1119 2524 coena
1140 2500 1169 2524 et
1192 2497 1365 2524 ceremoniis
1387 2495 1559 2532 quibusdam
1581 2494 1736 2531 componit.

261 2586 308 2615 10.

302 2565 310 2572 .
334 2544 385 2571 Est
409 2543 562 2571 Ersordiae
583 2547 610 2570 et
634 2546 752 2570 vocatur
773 2541 956 2569 Wimariam.

331 2586 383 2614 Est
409 2586 567 2613 Wimariae
591 2586 619 2613 in
643 2585 717 2613 aula.
