2299 2921
798 135 985 168 PHILIPPI
1008 134 1326 168 MELANTHONIS
1349 130 1526 168 OPERA(
2114 141 2158 174 84

313 253 320 260 .
344 228 452 260 Scribit
473 230 652 258 Academiae
674 229 756 267 Lips.
779 231 814 258 de
835 231 1047 268 compescendo
1060 230 1204 266 Gilberto,
1229 231 1278 268 qni
1299 231 1435 259 docebat:
1459 232 1586 261 divinam
1609 238 1741 262 naturam
1763 235 1792 263 in
1807 235 1924 264 Christo
1944 245 2060 273 passam
2084 245 2157 267 esse.

346 272 496 310 Georgius
520 272 654 307 Sabinus,
678 282 768 310 gener
790 273 874 308 Mel„
899 274 1059 302 conductus
1082 274 1118 301 ab
1141 274 1279 309 Alberto,
1299 272 1382 302 Duce
1403 273 1550 311 Prussiae,
1571 277 1762 314 proficiscitur
1784 277 1922 316 Spiram,
1936 282 1968 307 ut
1990 280 2157 309 missionem

376 320 455 354 petat
478 326 496 343 a
518 316 696 343 Marchione.

344 359 463 396 Lipsiae
485 359 579 386 editur
603 368 620 386 a
639 358 808 386 Camerario
831 358 924 386 oratio
945 358 1082 396 Ziegleri,
1107 368 1125 386 a
1148 359 1337 387 Melanthone
1358 360 1473 397 scripta.

310 426 317 431 .
339 402 485 429 Lutherus
504 402 540 429 ad
559 401 735 438 Eperienses
758 400 874 428 scribit:
900 400 966 437 ⁷,De
989 402 1027 429 M.
1052 401 1191 439 Philippo
1215 401 1312 439 (Mel.)
1334 402 1406 430 mihi
1427 403 1507 431 nulla
1530 408 1572 432 est
1591 406 1710 434 omnino
1733 407 1860 444 suspicio
1888 408 1986 446 (videl.
2007 408 2086 437 illum
2108 408 2157 437 de-

378 446 493 472 flectere
512 454 529 471 a
552 443 673 471 Lutheri
696 444 841 471 sententia
863 444 899 471 de
923 453 1014 472 coena
1039 447 1149 481 sacra),
1172 455 1269 482 neque
1292 446 1328 473 de
1350 445 1410 474 ullo
1431 449 1591 476 nostrum.“

313 510 319 517 .
343 487 491 515 Medlerus
515 490 635 513 vocatur
657 486 861 522 Brunsvigam.

345 528 501 566 Georgius,
526 529 668 566 Princeps
687 528 875 564 Anhaltinus,
899 529 1016 567 eligitur
1038 530 1203 567 Episcopus
1227 530 1485 568 Merscburgensis.

149 574 221 602 Mai.
288 574 317 602 4.
342 572 415 600 Loci
438 572 594 609 theologici
618 572 742 599 eduntur
762 572 910 600 uberiores
933 577 962 600 et
983 573 1145 602 nitidiores.

291 616 319 644 5.
344 614 418 643 Cum
441 615 515 643 Iona
532 615 726 651 proficiscitur
748 614 866 643 Halam.

292 660 319 687 7.
342 658 432 686 Mittit
455 658 615 694 Crucigcro
638 666 809 694 responsum
833 659 862 685 in
886 658 990 686 itinere
1013 659 1165 695 scriptum,
1189 658 1226 686 ad
1247 657 1345 686 Duces
1363 658 1554 690 Pomeraniae
1578 662 1614 690 de
1635 662 1776 691 electione
1800 661 1949 699 Episcopi.

291 702 319 730 8.
343 701 432 729 Venit
455 701 642 735 Whuariam,
665 701 769 728 ductus
792 710 809 728 a
832 701 895 728 viae
917 706 1130 736 monstratore,
1159 710 1245 738 quem
1268 701 1295 729 ei
1316 702 1436 730 dederat
1458 701 1581 733 Senatus
1600 704 1860 743 Naumburgensis.
1882 721 1925 725 --
1947 704 2085 733 Habebat
2107 714 2157 733 ne-

374 744 486 780 gotium
510 744 632 771 tutelare
654 743 685 770 in
707 751 797 771 causa
818 743 977 772 liberorum
1000 743 1162 773 Christiani
1181 744 1288 772 Baieri.

271 787 319 815 13.
342 786 443 814 Rediit
465 786 664 823 Vitebergam.

273 831 320 858 14.
343 829 414 857 Dux
433 828 581 857 Saxoniae
604 828 722 856 Elector
745 827 831 866 Spira
853 829 954 857 relicta
976 830 1094 858 domum
1118 829 1325 867 proficiscitur.

269 873 318 901 19.
342 870 478 907 Sabinus,
503 872 552 909 qui
575 872 669 899 adhuc
690 870 792 909 Spirae
816 876 870 908 est,
891 873 1006 910 quaerit
1029 873 1187 901 divortium
1212 873 1247 900 ab
1271 882 1372 902 uxore.

269 915 318 943 23.
342 914 511 943 Camerario
534 915 634 943 scribit
654 915 771 952 prolixe
794 915 830 942 de
853 916 981 944 moribus
1000 914 1110 944 Sabini.
1158 916 1240 952 (Vid.
1266 917 1353 944 etiam
1374 917 1457 953 epist.
1481 917 1509 947 d.
1535 918 1563 947 d.
1589 917 1636 946 24.
1660 917 1746 953 Maii,
1769 917 1797 946 d.
1822 918 1849 946 7.
1872 919 1920 949 13.
1946 924 1975 947 et
2001 919 2048 949 14.
2073 918 2155 956 Iun.)

270 958 318 987 24.
341 957 383 986 Io.
408 957 548 994 Stigelius
571 967 692 985 uxorem
716 958 803 985 ducit.

270 1001 320 1030 30.
344 1000 527 1029 Consiliariis
551 1001 667 1028 Ducum
686 1000 878 1028 Pomeraniae
900 1001 1001 1029 scribit
1024 1002 1059 1029 de
1083 1002 1222 1039 episcopo
1246 1001 1391 1039 eligendo.

149 1043 204 1072 Iun
293 1046 320 1072 4.
340 1045 412 1081 Agit
435 1053 500 1071 cum
524 1043 645 1078 Sabino,
669 1043 719 1080 qui
740 1053 862 1072 uxorem
885 1045 1041 1082 repudiare
1063 1045 1190 1072 volebat.

291 1088 320 1116 7.
341 1087 431 1114 Mittit
453 1086 622 1115 Camerario
647 1091 673 1114 et
696 1086 829 1123 Zieglero
851 1092 963 1124 partem
987 1088 1128 1116 orationis
1152 1088 1187 1115 de
1210 1086 1321 1124 Spiritu
1341 1092 1452 1117 sancto.

267 1131 316 1158 10.
340 1128 446 1158 Scribit
470 1130 619 1157 exordium
644 1129 858 1157 constitutionis
879 1131 1059 1158 Academiae
1078 1130 1214 1159 Francos.
1233 1131 1264 1158 in
1285 1139 1369 1159 usum
1391 1129 1503 1167 Sabini,
1526 1135 1554 1159 et
1576 1130 1715 1161 Sabinum
1739 1132 1923 1161 commendat
1935 1132 2055 1160 Alberto
2067 1131 2155 1162 Duci.

271 1175 320 1202 11.
342 1173 425 1201 Finis
448 1173 631 1201 comitiorum
654 1171 845 1209 Spirensium.

270 1217 319 1244 13.
344 1217 442 1250 Anna,
466 1214 567 1243 Sabini
590 1225 674 1250 uxor,
698 1224 762 1243 cum
785 1216 884 1243 liberis
907 1216 966 1243 abit
989 1216 1025 1243 ad
1050 1216 1195 1244 maritum.
1241 1215 1318 1252 Una,
1342 1220 1412 1244 natu
1436 1217 1531 1246 minor
1554 1217 1623 1253 filia,
1647 1221 1780 1246 remanet
1803 1218 1881 1255 apud
1899 1218 2128 1246 Melanthonem.

272 1259 320 1288 18.
344 1258 450 1287 Scribit
474 1259 509 1286 de
533 1259 693 1286 elevatione
715 1259 889 1286 sacramenti
911 1259 942 1286 in
966 1268 1058 1286 coena
1080 1267 1101 1286 s.

270 1301 320 1329 24.
344 1302 521 1329 Valetudine.
544 1301 627 1328 valde
650 1301 772 1330 laborat.
796 1318 837 1321 —
861 1299 992 1338 Georgio
1015 1301 1179 1329 Anhaltino
1203 1301 1366 1337 gratulatur
1387 1302 1588 1339 episcopatum
1609 1302 1889 1339 Merseburgensem.

150 1344 205 1373 Iul.
233 1345 324 1373 1—0.
347 1344 475 1372 Laborat
500 1344 583 1371 valde
607 1344 726 1371 calculo.
749 1360 793 1363 —
815 1343 999 1372 Camerarius
1023 1343 1126 1382 Lipsia
1145 1344 1271 1379 advenit,
1294 1349 1416 1381 accepto
1437 1345 1543 1373 nuncio
1566 1345 1601 1372 de
1624 1345 1725 1373 morbo
1743 1345 1950 1374 Melanthonis.

149 1389 228 1425 Aug.
293 1388 320 1417 8.
345 1387 413 1415 Mel.
438 1388 473 1414 ad
499 1388 597 1415 Vitum
621 1387 824 1414 Theodorum:
855 1387 955 1423 „Misit
977 1387 1034 1414 huc
1057 1387 1243 1415 Amsdorfius
1267 1396 1419 1415 censuram
1442 1387 1628 1416 Coloniensis
1651 1387 1880 1416 Reformationis
1904 1387 2053 1423 acerbam,
2082 1397 2157 1425 quae

373 1436 470 1458 tamen
493 1429 623 1457 Luthero
646 1429 725 1458 mitis
749 1430 878 1465 videtur,
901 1434 929 1457 et.
952 1430 1106 1458 classicum
1130 1430 1200 1458 novi
1223 1431 1388 1459 certaminis
1411 1431 1469 1458 iam
1492 1431 1599 1459 audivi.
1644 1429 1676 1459 Si
1700 1431 1830 1469 coeperit
1847 1436 1946 1459 noster
1968 1431 2098 1459 Pericles
2121 1432 2157 1459 de

373 1483 408 1501 ea
428 1483 459 1501 re
482 1473 690 1501 contumeliose
714 1473 826 1507 dicere,
850 1473 1025 1501 discedam.“
1050 1491 1092 1494 ——
1117 1473 1233 1511 (Libert
1258 1473 1457 1510 „Reformatio
1481 1472 1703 1509 Coloniensis“,
1727 1484 1744 1502 a
1764 1473 1878 1502 Bucero
1902 1474 2037 1511 scriptus,
2060 1484 2078 1502 a
2095 1474 2156 1502 Me-

372 1516 513 1544 lanthone
534 1516 672 1553 probatus
694 1520 720 1544 et
744 1516 774 1543 in
798 1516 970 1553 quibusdam
994 1516 1125 1554 partibus
1149 1521 1262 1551 auctus,
1286 1517 1390 1544 deinde
1410 1517 1446 1544 ab
1468 1517 1701 1555 Archiepiscopo
1720 1517 1890 1545 Hermanno
1914 1518 2017 1552 editus,
2038 1520 2067 1544 et
2079 1516 2156 1544 Duci

374 1557 522 1588 Saxoniac
545 1559 674 1587 Electori
692 1559 808 1594 missus,
832 1559 868 1586 ab
888 1560 942 1588 hoc
964 1560 1023 1587 iam
1047 1560 1074 1587 d.
1100 1561 1127 1587 4.
1148 1560 1224 1588 Iunii
1246 1560 1414 1588 Amsdorfio
1437 1560 1521 1588 datus
1534 1560 1598 1595 fuit,
1622 1565 1653 1587 ut
1675 1561 1700 1587 is
1721 1561 1757 1588 de
1780 1569 1814 1587 eo
1838 1560 1944 1587 diceret
1957 1560 2155 1595 sententiam.)

373 1602 432 1630 Hic
455 1603 609 1630 articulum
638 1602 673 1629 de
694 1602 787 1629 libero
814 1602 933 1630 arbitrio
962 1607 990 1630 et
1014 1603 1146 1640 inprimis
1174 1603 1327 1631 articulum
1357 1603 1393 1630 de
1422 1612 1513 1631 coena
1542 1612 1625 1632 sacra
1650 1602 1734 1630 valde
1757 1603 1943 1639 reprehendit
1973 1607 2001 1630 et
2028 1602 2157 1630 incendit

373 1644 551 1681 Lutherum,
584 1651 616 1673 ut
638 1645 819 1673 Melanthoni
842 1650 870 1673 et
893 1645 1007 1674 Bucero
1030 1646 1224 1681 irasceretur,
1253 1647 1334 1679 etin
1357 1646 1545 1674 concionibus
1569 1645 1692 1683 publicis
1721 1650 1748 1673 et
1769 1645 1800 1673 in
1820 1646 1937 1683 scriptis
1956 1645 1986 1672 in
2009 1645 2157 1674 Bucerum

375 1692 403 1716 ct
423 1689 594 1716 sententiam
619 1688 801 1716 Helveticam
824 1689 860 1716 de
880 1699 971 1717 coena.
994 1698 1078 1717 sacra
1100 1689 1261 1718 inveheret.
1284 1687 1342 1726 (Cf.
1357 1689 1477 1717 omnino
1489 1687 1634 1717 Seckend.
1656 1689 1687 1716 in
1711 1688 1777 1716 hist.
1792 1687 1879 1716 Luth.
1902 1688 1952 1717 lib.
1968 1687 2020 1715 111.
2038 1698 2068 1726 p.
2083 1689 2154 1717 443.

375 1736 401 1758 et
425 1732 508 1768 epist.
532 1731 672 1759 Melanth.
697 1732 733 1758 ad
756 1731 872 1768 Mycon.
895 1733 922 1760 d.
946 1732 974 1760 d.
1002 1733 1048 1760 10.
1070 1730 1152 1767 Oct.)

270 1774 316 1802 13.
340 1773 487 1802 Lutherus
510 1775 704 1811 proficiscitur
727 1775 763 1801 ad
783 1775 991 1810 Amsdorfium,
1015 1784 1032 1803 a
1054 1784 1111 1812 quo
1130 1775 1246 1803 demum
1270 1775 1298 1803 d.
1323 1775 1372 1804 27,
1386 1775 1465 1811 Aug.
1488 1774 1584 1810 rediit,
1608 1774 1702 1811 magis
1724 1774 1864 1802 incensus
1886 1774 2027 1802 adversus
2050 1773 2156 1802 librum

374 1816 580 1844 coloniensem
600 1826 686 1854 quani
709 1821 804 1844 antea.

268 1859 317 1888 22.
342 1858 472 1896 Georgio
497 1860 659 1887 Anhaltino
683 1859 783 1887 scribit
801 1861 837 1887 de
860 1861 1045 1896 ceremoniis,
1069 1860 1152 1897 eique
1171 1860 1260 1888 mittit
1283 1860 1417 1897 exempla
1437 1860 1680 1888 testimoniorum.

270 1902 320 1931 ⁴23.
343 1902 456 1930 Bucero
481 1903 581 1930 scribit
604 1903 639 1930 de
662 1903 706 1929 ira
726 1901 862 1930 Lutheri:
896 1904 963 1939 „Me
987 1904 1129 1940 (inquit),
1154 1908 1182 1930 ct
1200 1901 1406 1940 Crucigerum,
1429 1907 1461 1931 ut
1484 1903 1590 1937 audio,
1614 1911 1677 1930 cras
1706 1902 1821 1930 vocabit
1852 1903 1941 1939 [quod
1964 1912 2023 1930 non
2047 1903 2155 1931 factum

375 1948 441 1982 cstj.
486 1946 551 1982 Ego
575 1955 638 1973 sum
662 1946 819 1982 tranquilla
842 1946 913 1980 avis,
937 1955 990 1973 nec
1012 1947 1120 1974 invitus
1144 1956 1181 1974 ex
1204 1946 1260 1974 hoc
1284 1946 1431 1983 ergastulo
1454 1946 1610 1981 discedam,
1633 1947 1658 1974 si
1682 1945 1805 1974 infestus
1827 1955 1873 1973 me
1895 1945 2039 1982 u1·gebit.“

267 1988 317 2017 31.
340 1988 487 2016 Lutherus
511 1988 695 2016 atrocissimo
714 1989 824 2026 scripto
848 1990 954 2027 (furges
974 1989 1144 2024 Qefenntuiss
1166 1995 1227 2018 rom
1247 1989 1433 2025 leenbmuffl)
1458 1989 1566 2016 bellum
1586 1989 1621 2017 de
1644 1997 1728 2017 sacra
1750 1998 1842 2017 coena
1862 1989 2014 2016 instaurat.

144 2029 225 2068 Sept.
285 2032 312 2059 7.
337 2030 477 2068 Cruciger
499 2036 598 2059 narrat
620 2033 847 2059 controversiam
869 2032 944 2060 inter
966 2031 1127 2060 Lutherum
1151 2036 1178 2059 et
1200 2031 1268 2060 Mel.
1291 2032 1327 2060 de
1351 2041 1443 2060 coena
1463 2041 1554 2061 sacra.

265 2073 314 2102 24.
338 2074 401 2101 Pax
423 2075 498 2101 inter
520 2072 657 2102 Carolum
680 2074 888 2111 Imperatorem
913 2079 941 2102 et
963 2083 1063 2111 regem
1089 2074 1215 2103 Galliae.

266 2116 315 2145 27.
338 2117 405 2144 Mel.
430 2117 579 2154 praefatur
602 2117 631 2144 in
655 2117 775 2145 Bul-enii
800 2118 961 2145 orationem
981 2118 1017 2145 de
1036 2118 1145 2146 scholis
1164 2118 1270 2146 literar.
1290 2121 1368 2145 recte
1390 2117 1586 2146 instituendis.

265 2159 316 2189 29.
341 2160 460 2188 Editum
480 2165 524 2187 cst
545 2159 667 2187 Lutheri
689 2160 779 2199 {urges
800 2161 968 2197 Qefenutnifi
989 2167 1050 2190 nom
1069 2161 1132 2198 lycii.
1154 2160 1328 2199 ‘uttenburam
1346 2161 1429 2190 mirer
1448 2161 1490 2190 bie
1510 2159 1694 2196 &chit-firmet.

145 2201 212 2232 Oct.
291 2204 317 2230 1.
343 2203 410 2231 Mel.
431 2203 543 2230 calculo
562 2203 686 2231 laborat.

266 2460 313 2488 18.

267 2546 315 2574 19.

265 2589 313 2617 24.

309 2267 315 2273 .
340 2246 541 2274 Proficiscitur
559 2245 689 2282 Lipsiam
712 2246 743 2273 in
765 2246 919 2274 nundinas.

268 2289 314 2317 10.

339 2289 477 2326 Myeonio
497 2289 611 2317 scribit:
638 2298 702 2317 sese
731 2298 885 2317 excusasse
907 2288 1037 2317 Luthero
1069 2290 1147 2327 quod
1167 2289 1271 2317 attinet
1294 2289 1330 2317 ad
1353 2289 1459 2317 librum
1482 2287 1687 2317 Coloniensem
1718 2287 1754 2315 de
1777 2295 1868 2315 coena
1890 2295 1989 2321 sacra,
2013 2290 2041 2313 et
2059 2286 2153 2314 addit:

373 2332 530 2367 „Arbitror
554 2332 580 2359 ei
599 2331 787 2360 satisfactum.
832 2330 889 2360 Sed
913 2332 937 2360 si
960 2332 1122 2370 intelligam
1145 2342 1205 2360 non
1229 2341 1292 2361 esse
1311 2331 1506 2367 satisfactum,
1529 2332 1565 2360 de
1588 2331 1762 2368 migratione
1784 2330 1855 2358 mihi
1879 2329 2065 2367 cogitandum
2089 2329 2153 2365 erit,

373 2379 401 2402 ut
426 2385 471 2402 me
496 2375 582 2402 etiam
605 2384 687 2403 meus
709 2374 797 2402 frater
819 2375 980 2403 hortaturf‘

329 2416 402 2445 Loci
425 2418 585 2454 theologici
608 2422 739 2446 recenter
763 2418 841 2446 editi.
888 2418 948 2455 (De
973 2418 1078 2455 quibus
1107 2418 1260 2446 videantur
1282 2427 1356 2455 quae
1376 2418 1491 2456 scripsit
1514 2418 1551 2445 ad
1576 2417 1676 2445 Vitum
1699 2415 1812 2445 Theod.
1836 2416 1864 2444 d.
1892 2415 1939 2444 10.
1963 2414 2041 2443 Nov.
2064 2415 2094 2443 h.
2114 2415 2155 2451 a.)

338 2460 435 2488 Vertit
457 2466 634 2498 postremam
656 2461 800 2498 pagellam
821 2460 983 2489 Ptolemaei
1014 2462 1050 2489 de
1074 2462 1299 2497 directionibus,
1327 2465 1356 2489 et
1379 2465 1566 2489 enarraturus
1585 2463 1628 2488 est
1658 2459 1787 2488 eiusdem
1811 2458 2072 2496 Quadripartitum,
2091 2457 2154 2486 Ho-

371 2503 437 2531 ratii
461 2508 552 2531 artem
575 2503 720 2541 poeticam
739 2508 766 2531 et
787 2504 965 2532 dialecticen.

338 2544 469 2582 Lipsiam
493 2547 688 2583 proficiscitur
712 2556 776 2574 cum
799 2547 882 2576 Hier.
906 2546 1051 2575 Schurffio
1075 2547 1111 2575 ad
1134 2548 1250 2584 nuptias
1273 2547 1367 2576 Uhvici
1389 2545 1553 2576 Mordisini.

337 2589 498 2617 Academia
522 2590 654 2618 nonnihil
674 2590 807 2618 turbatur
830 2591 1003 2628 contagione
1027 2590 1219 2627 pestilentiae.
