2299 2921
158 80 223 113 313

202 176 280 214 Opto
303 184 341 204 ex
364 175 470 209 animo,
494 181 526 203 ut
547 175 639 203 Deus.
674 175 728 212 VI,
753 176 802 206 69.

203 218 265 247 Oro
282 218 388 252 Deum,
409 218 527 246 Patrem
545 218 710 247 liberatoris
728 235 778 246 —.
800 219 944 248 Profecto.
973 218 1029 254 ΙΠ,
1043 219 1136 249 1124.

201 263 350 291 Portunus
370 260 496 288 reddidit
518 261 598 289 mihi.
632 261 656 296 Ι,
683 261 773 291 1022.

201 305 361 342 Postquam
382 303 501 330 discessi
524 313 542 331 a
564 303 655 332 vobis.
691 303 748 339 ΠΙ,
772 305 843 333 715.

200 348 361 383 Postquam
382 346 531 382 impetrari
554 356 613 374 non
637 347 738 383 potuit.
774 346 814 381 II,
840 347 910 376 280.

200 391 309 419 Precor
331 388 427 417 Deum
452 393 480 416 et
502 388 671 417 Dominum.
706 388 761 424 ΠΙ,
787 390 857 419 717.

199 432 324 470 Propter
347 431 425 459 urbis
444 436 566 461 vestrae.
601 431 638 467 V,
664 432 734 461 884.

199 475 323 504 Publico
345 474 462 503 nomine
483 475 593 511 gratias
615 474 675 502 tibi.
710 474 750 510 II,
772 475 843 504 789.

201 518 289 554 Quod
312 523 374 545 erat
396 517 474 545 filius
496 516 563 545 Dei.
598 517 634 552 V,
660 518 731 546 498.

200 560 287 597 Quod
310 560 395 588 faust.
420 560 521 597 felixq.
547 561 593 595 sit,
616 560 692 587 redit
713 561 788 588 istuc
810 559 956 589 Bromius.
992 559 1018 596 Ι,
1043 560 1135 591 1021.

200 604 288 640 Quod
311 603 394 631 faust.
418 603 517 639 felixq.
541 603 588 637 sit,
610 601 733 640 Spiram.
769 602 794 638 I,
820 604 913 633 1040.

200 647 332 683 Quoties,
355 646 393 673 mi
416 645 477 680 Fr..
501 646 605 682 cogito.
643 645 680 680 V,
706 646 774 675 189.

200 690 289 718 Redit
310 689 346 716 ad
370 697 421 715 vos
444 687 710 725 Hypodidascalus.
743 688 782 724 11,
807 689 877 718 546.

200 731 295 769 Saepe
314 741 360 758 me
383 731 463 758 haec.
498 731 550 765 VI,
575 733 623 761 70,

199 773 314 803 Scimus
337 774 438 802 harum
461 774 620 810 regionum.
652 774 689 809 V,
714 775 784 803 896.

199 816 336 846 Scribunt
359 817 395 844 ad
418 826 464 844 me
486 816 751 854 Cruceburgenses.
787 817 810 852 I,
838 818 928 846 1073.

199 859 311 898 Scripsi
333 860 383 887 tibi
403 860 624 896 longiusculam.
663 860 688 894 I,
714 859 804 889 1032.

199 902 297 932 Senex
321 902 574 931 Breitebachensis
595 903 755 931 nobiscum.
790 902 813 937 Ι,
841 902 932 932 1021.

199 945 259 974 Sex
282 946 352 974 totis
374 946 551 983 septimanis.
585 945 625 980 II,
651 945 721 974 260.

199 988 314 1018 Silentii
336 989 392 1016 mei
416 989 543 1016 diuturni
567 988 684 1016 nullam.
719 987 774 1022 ΙΙΙ,
798 988 867 1016 407.

200 1030 304 1060 Statim
327 1037 357 1058 ut
381 1032 445 1059 veni
470 1031 666 1067 Vitebergam.
702 1029 727 1065 Ι,
755 1030 845 1059 1063.

198 1074 411 1111 Tranquillum,
434 1073 557 1101 faustum
582 1078 610 1099 et.
633 1073 745 1100 felicem
770 1082 886 1100 annum.
921 1071 977 1107 ΙΠ,
1001 1072 1074 1101 462.

199 1118 246 1146 Tu
269 1117 338 1144 mihi
363 1116 490 1152 optimus
513 1125 552 1145 es.
588 1116 625 1151 V,
652 1115 719 1145 164.

198 1160 264 1188 Tua
287 1160 442 1187 assiduitas
464 1159 504 1187 in.
539 1158 578 1193 II,
605 1159 653 1187 17.

193 1202 319 1231 Utinam
344 1201 484 1230 Basilium
504 1201 706 1229 retinuissetis
740 1200 782 1235 ΙΙ,
806 1201 875 1230 505.

197 1244 317 1274 Utinam
340 1244 448 1272 insulse
470 1244 721 1273 tumultuantibus.
756 1243 793 1278 V,
817 1244 888 1273 320.

198 1288 382 1316 Valetudinis
406 1296 508 1315 caussa
532 1287 686 1315 Iohannes.
716 1287 753 1320 V,
779 1288 828 1315 51.

198 1331 283 1365 Vide,
307 1331 343 1358 mi
366 1329 425 1364 Fr..
448 1340 586 1367 quorsum
610 1334 756 1367 eruptura.
780 1329 818 1364 ΙΙ,
840 1330 887 1358 33.

198 1374 274 1401 Vide
296 1373 471 1401 1ustie0rum
495 1373 718 1410 improbitatem.
751 1372 776 1407 I,
800 1372 888 1400 1028.

198 1416 347 1444 Vimariae
370 1416 465 1444 aulam
488 1416 661 1444 invenimus.
694 1415 718 1450 Ι,
745 1416 835 1445 1029,

197 1544 309 1581 Accepi
332 1543 429 1572 literas
453 1549 516 1572 tuas
539 1544 582 1571 ch.
608 1554 634 1580 p.
659 1543 715 1579 ΙΙΙ,
740 1543 810 1572 221.

196 1588 309 1624 Accepi
332 1587 459 1614 tunicam
484 1596 501 1614 a
524 1591 559 1614 tc.
584 1586 622 1620 V,
647 1587 717 1615 789.

196 1631 263 1667 Age
285 1630 411 1664 tandem,
436 1629 654 1657 humanissime.
677 1629 714 1664 V,
740 1628 810 1658 392.

196 1672 280 1700 Beati
302 1673 515 1706 misericordes,
538 1672 639 1709 inquit.
664 1672 702 1706 V,
728 1673 798 1701 534.

196 1715 305 1743 Beatus
328 1716 377 1752 qui
400 1716 536 1752 intelligit
560 1724 656 1753 super.
680 1715 717 1750 V,
742 1715 813 1743 535.

196 1757 404 1786 Circumvallat
426 1758 547 1795 angelus
570 1758 699 1786 Domini.
724 1757 809 1792 VIII,
836 1758 904 1785 110.

197 1800 442 1829 Commendemus
464 1810 517 1828 nos
541 1805 578 1828 et.
601 1800 686 1835 VIII,
706 1802 776 1830 480.

196 1841 308 1871 Credas
330 1844 401 1871 mihi
424 1844 488 1871 hoc.
513 1843 568 1878 ΙΠ,
593 1844 642 1873 70.

196 1885 270 1914 Cum
294 1886 431 1914 haberem
454 1891 563 1914 certum
586 1885 777 1915 tabellarium.
801 1886 841 1921 Χ,
866 1886 915 1916 72.

196 1928 270 1957 Cum
293 1929 339 1956 his
361 1929 463 1957 diebus
487 1938 522 1956 ex
545 1930 648 1965 patria.
672 1928 727 1965 ΠΙ,
753 1930 821 1959 166,

195 1969 270 1999 Cum
289 1972 383 2009 prima
403 1972 483 1999 haec.
507 1971 574 2005 VII,
600 1972 670 2001 762.

195 2013 269 2043 Cuu.
293 2015 381 2043 sciam
404 2020 431 2042 te
455 2014 593 2052 pericula.
618 2014 658 2049 Χ,
684 2015 732 2044 62.

195 2056 269 2086 Cum
294 2058 420 2085 venisset
443 2058 478 2085 ad
502 2067 556 2086 me.
582 2057 650 2091 VII,
673 2057 764 2087 1122.

194 2099 242 2129 De
264 2105 364 2128 nostra
386 2109 474 2128 causa
492 2100 573 2128 nihil.
592 2100 631 2135 II,
656 2100 726 2129 218.

194 2143 242 2171 De
265 2143 435 2180 quaestione
455 2144 584 2171 Antonii.
609 2142 678 2177 VII,
703 2144 773 2173 713.

194 2185 273 2214 Dedi
294 2196 387 2224 nuper
406 2187 442 2214 ad
464 2191 492 2214 te
515 2186 624 2215 literas.
649 2185 688 2220 X,
714 2187 763 2214 71.

194 2227 334 2257 Delector
356 2234 406 2257 tuo
428 2229 535 2264 officio,
559 2230 598 2257 mi
621 2228 661 2257 N.
685 2227 741 2263 ΠΙ,
766 2229 815 2259 21.

194 2269 260 2299 Deo
282 2276 399 2299 aeterno
422 2272 499 2309 patri
520 2289 570 2300 ——.
595 2270 670 2300 Nisi.
694 2271 763 2307 VII,
788 2271 858 2301 464.

193 2311 322 2342 Difficile
344 2319 387 2342 est
409 2315 504 2344 etiam.
529 2315 582 2349 VI,
605 2315 676 2343 278.

195 2357 235 2386 (56
256 2358 301 2391 bat
320 2358 408 2387 feinen
429 2357 538 2389 fflrunb.
559 2357 696 2393 OEbristum
717 2359 782 2394 also.
806 2357 863 2393 III,
888 2358 958 2387 620.

193 2399 232 2427 Et
254 2400 342 2427 animi
362 2400 576 2436 gratitudinem.
598 2400 638 2435 X,
664 2401 713 2430 58.

194 2441 233 2470 Et
255 2451 309 2479 pro
330 2443 453 2479 epistola
474 2447 532 2471 tua.
557 2443 596 2479 Χ,
621 2443 669 2472 58.

193 2484 318 2512 Etiamsi
341 2485 422 2513 nulla
444 2486 514 2513 mihi
538 2486 697 2515 nobiscum.
721 2484 761 2520 X,
787 2486 836 2515 21.

194 2526 258 2557 Etsi
276 2532 362 2556 antea
384 2528 479 2556 verbis
502 2528 743 2567 qualemcunque.
766 2527 806 2564 X,
831 2529 880 2558 60.

360 79 399 112 11.
433 77 623 112 lNDlCES.
668 80 708 112 H.
729 79 868 112 INDEX
890 79 1085 112 EPISTOL.
1109 79 1222 113 PH1L.
1245 79 1351 112 MEL.
1376 79 1715 116 ALPHABETICUS
1738 82 1824 116 PER
1847 84 1990 120 lNlTlA.

1159 643 1166 890 ἰ

2106 87 2171 119 314

1232 176 1306 210 Etsi,
1332 185 1398 204 cum
1422 181 1488 204 ante
1507 176 1628 213 aliquot.
1652 177 1704 213 VI,
1729 179 1800 208 276.

1232 219 1297 247 Etsi
1320 220 1349 246 in
1373 219 1429 247 hoc
1450 220 1534 248 tristi.
1559 219 1611 255 VI,
1637 221 1707 250 275.

1232 261 1297 289 Etsi
1318 262 1348 289 in
1371 271 1477 299 magno
1501 262 1610 292 dolore.
1633 262 1674 298 X,
1695 265 1744 293 51.

1232 304 1297 332 Etsi
1320 305 1457 342 magister
1480 305 1626 334 Erasmus.
1651 304 1692 340 X,
1719 307 1768 336 59.

1234 347 1299 375 Etsi
1321 357 1367 375 me
1390 357 1446 376 non
1470 348 1610 385 poenitet.
1633 348 1673 382 Χ,
1699 350 1748 379 72.

1233 390 1299 418 Etsi
1320 390 1391 418 mihi
1412 391 1618 427 occupationes
1638 396 1714 420 tuae.
1740 392 1823 427 vm,
1848 394 1897 422 71.

1233 432 1299 461 Etsi
1321 437 1402 461 motu
1425 433 1615 470 publicorum.
1636 434 1690 469 VI,
1714 435 1784 464 277.

1233 475 1298 503 Etsi
1321 476 1413 504 multa
1436 481 1511 511 sunt,
1535 476 1571 504 de
1594 477 1706 514 quibus.
1730 477 1813 513 VHI,
1836 479 1906 508 761.

1233 518 1299 546 Etsi
1321 518 1432 546 nullum
1455 519 1596 547 habebam
1620 526 1830 557 argumentum.
1854 521 1895 556 X,
1919 522 1969 552 30.

1233 560 1299 588 Etsi
1321 566 1439 599 propter
1462 566 1591 590 nostram
1614 564 1866 593 necessitudinem.
1890 563 1930 600 X,
1952 567 2002 596 74.

1233 602 1298 631 Etsi
1320 613 1367 632 res
1389 604 1522 632 militaris
1546 605 1639 634 laude.
1659 605 1698 641 X,
1724 606 1772 636 29.

1232 646 1298 674 Etsi
1320 650 1348 674 te
1371 647 1432 675 scio
1456 647 1538 676 velle.
1564 648 1616 683 VI,
1641 649 1690 678 66.

1234 689 1298 716 Etsi
1321 689 1399 717 viros
1422 691 1633 726 magnanimos.
1659 691 1714 727 III,
1740 694 1810 723 906.

1235 733 1293 761 OEm.
1315 732 1440 768 &funeste
1460 733 1574 766 &christ
1600 734 1757 771 bettingem.
1782 736 1865 771 VIII,
1890 736 1961 766 272.

1232 774 1378 802 Existimo
1401 775 1646 812 magnificentiam
1671 783 1758 808 tuam.
1785 779 1839 812 VI,
1866 779 1935 808 127.

1232 817 1345 846 Fidelis
1368 816 1449 846 Deus
1468 819 1603 856 aliquem.
1629 820 1680 855 VI,
1706 821 1776 851 760.

1231 859 1461 889 Francofordiae
1485 870 1549 889 cum
1571 871 1674 891 essem.
1697 863 1750 898 IV,
1778 865 1868 893 1057.

1232 902 1308 940 &sige
1328 906 1386 937 euch
1408 913 1438 943 gu
1458 905 1556 941 missen.
1578 905 1630 940 bnt}
1650 907 1695 941 fid?
1721 916 1781 936 cuer
1802 907 1895 943 &obit
1915 907 1973 948 III,
1997 909 2069 937 413.

1233 944 1327 973 Grata
1344 950 1388 973 est
1409 947 1493 975 nobis
1517 948 1727 977 benevolentia.
1748 949 1801 985 VI,
1826 951 1897 979 893.

1233 986 1374 1015 Gratulor
1398 990 1637 1027 tranquillitatem
1661 997 1689 1019 et
1711 992 1869 1023 Ecclesiae.
1894 993 1965 1028 VII,
1989 994 2060 1024 403.
2086 992 2091 996 ⁶

1232 1030 1338 1057 Habeo
1361 1031 1413 1059 tibi
1436 1042 1570 1070 magnam
1594 1035 1728 1070 gratiam,
1748 1036 1786 1063 mi
1811 1035 1850 1064 N.
1872 1035 1912 1071 X,
1934 1036 1982 1065 32.

1232 1072 1319 1100 Hanc
1341 1073 1435 1109 ipsam
1456 1075 1493 1102 ob
1517 1085 1643 1105 causam.
1668 1077 1736 1112 VII,
1761 1079 1834 1108 744.

1232 1114 1305 1143 Heri
1330 1125 1393 1143 cum
1418 1117 1508 1145 filium
1532 1123 1622 1148 tuum.
1648 1119 1715 1154 VII,
1742 1122 1812 1150 507.

1231 1157 1316 1193 Heri,
1340 1160 1417 1195 quod
1440 1160 1525 1189 faust.
1545 1161 1647 1198 felixq.
1668 1163 1715 1197 sit,
1738 1172 1881 1192 reversus.
1905 1163 1963 1200 III,
1987 1164 2037 1193 42.

1231 1200 1291 1228 Hic
1313 1201 1453 1231 honestus
1480 1204 1532 1238 vir,
1557 1204 1670 1234 Hanns.
1696 1205 1750 1241 VI,
1774 1207 1845 1236 510.

1231 1242 1297 1271 Hoc
1320 1253 1435 1273 carmen
1459 1247 1593 1283 accipies.
1612 1246 1652 1282 X,
1677 1247 1726 1278 72.

1231 1285 1299 1314 Hoc
1322 1288 1367 1324 egi
1392 1297 1455 1316 cum
1477 1288 1607 1318 Doctore
1631 1289 1757 1320 Strauss.
1783 1291 1808 1327 I,
1833 1292 1903 1322 655.

1229 1328 1449 1358 Humanissime
1472 1338 1659 1370 praeceptum
1683 1339 1734 1362 est.
1757 1333 1797 1369 X,
1823 1336 1871 1364 78.

1230 1373 1278 1406 Sel)
1299 1373 1349 1401 but
1369 1383 1413 1402 um
1439 1373 1539 1404 (Sjottess
1562 1377 1660 1405 minen.
1685 1377 1709 1411 Ι,
1739 1378 1828 1406 1011.

1228 1414 1275 1451 Sd)
1296 1417 1399 1451 munfd)
1420 1424 1472 1446 von
1493 1417 1571 1447 Θου.
1595 1417 1634 1453 Χ,
1659 1419 1707 1447 28.

1229 1458 1263 1485 In
1286 1459 1341 1486 hac
1364 1459 1535 1488 confusione
1559 1461 1695 1499 Reipubl.
1720 1462 1772 1498 VI,
1797 1463 1846 1492 29.

1228 1500 1263 1528 In
1286 1502 1402 1538 pagella
1420 1503 1466 1530 cui
1489 1504 1613 1541 signum.
1640 1503 1679 1539 X,
1704 1506 1753 1534 33.

1228 1543 1263 1571 In
1286 1544 1452 1582 Tragoedia
1473 1546 1566 1583 inquit
1588 1547 1646 1576 ille.
1670 1547 1710 1583 X,
1736 1549 1784 1576 31.

1228 1587 1297 1623 Ipso
1315 1588 1407 1615 natali
1430 1588 1482 1616 filii
1503 1588 1569 1618 Dei.
1594 1590 1632 1625 X,
1659 1591 1707 1620 29.

1228 1628 1342 1657 Literas
1366 1636 1477 1659 vestras
1499 1633 1599 1670 accepi
1623 1634 1668 1661 die
1689 1633 1875 1663 Catharinae.
1895 1635 1935 1670 X,
1960 1637 2008 1666 31.

1227 1673 1274 1700 Me
1299 1683 1367 1701 vero
1390 1684 1568 1712 magnopere
1589 1676 1815 1706 delectaverunt.
1836 1678 1877 1712 X,
1900 1679 1948 1708 27.

1227 1716 1388 1744 Mediocria
1412 1722 1478 1745 sunt
1502 1719 1600 1747 otticia
1622 1725 1731 1749 nostra.
1756 1720 1808 1755 IV,
1833 1721 1904 1751 752.

1226 1759 1410 1788 Meminimus
1434 1762 1647 1797 praedictiones
1670 1762 1722 1790 filii
1746 1763 1811 1793 Dei.
1837 1764 1890 1799 VI,
1916 1764 1986 1793 752.

1226 1801 1299 1829 Mihi
1323 1803 1492 1839 neutiquam
1517 1805 1636 1834 videtur.
1665 1805 1687 1839 I,
1716 1808 1806 1836 1058.

1226 1845 1307 1872 Misit
1328 1846 1412 1873 nobis
1435 1852 1518 1884 pater
1542 1858 1654 1877 munus.
1678 1848 1716 1883 X,
1741 1850 1789 1879 79.

1225 1886 1309 1915 Nihil
1333 1888 1482 1917 difficilius
1505 1895 1557 1920 est.
1580 1892 1617 1923 V.
1639 1891 1709 1920 273.

1225 1930 1310 1958 Nihil
1335 1941 1462 1968 unquam
1483 1934 1622 1961 acerbius.
1646 1933 1685 1968 X,
1711 1936 1759 1964 73.

1225 1972 1293 2001 Nisi
1316 1984 1416 2003 rursus
1439 1975 1657 2005 abduceremur.
1681 1977 1732 2012 IV,
1760 1979 1849 2007 1054.

1224 2015 1295 2043 Non
1318 2018 1375 2045 dici
1395 2023 1501 2055 potest,
1525 2020 1601 2050 char.
1625 2020 1726 2049 Tutor.
1752 2020 1791 2054 X,
1818 2022 1866 2049 61.

1225 2058 1294 2086 Non
1314 2061 1432 2088 difficile
1455 2067 1498 2089 cst
1520 2063 1667 2091 iudicium.
1691 2063 1745 2098 Ill,
1770 2064 1839 2092 229.

1225 2101 1295 2130 Non
1317 2103 1418 2131 dubito
1441 2105 1508 2132 inde
1531 2115 1631 2142 usque.
1655 2106 1723 2139 VII,
1746 2108 1835 2136 1131.

1225 2144 1295 2173 Non
1319 2146 1418 2174 dubito
1441 2152 1469 2175 te
1490 2154 1516 2176 et
1539 2148 1619 2176 alios.
1643 2149 1696 2184 VI,
1719 2150 1767 2178 96.

1223 2186 1293 2216 Non
1316 2194 1412 2226 potest
1434 2195 1500 2227 apte
1523 2193 1745 2220 accommodari.
1769 2193 1805 2227 V,
1830 2192 1900 2222 272.

1222 2228 1304 2258 Nota
1327 2232 1409 2260 vobis
1432 2242 1490 2260 vox
1515 2239 1558 2262 est
1580 2234 1631 2262 filii
1655 2234 1721 2264 Dei.
1746 2235 1801 2270 IX,
1827 2236 1898 2264 980.

1223 2272 1346 2302 Nullum
1369 2280 1513 2304 mercator
1533 2285 1568 2304 ex
1589 2278 1734 2308 nundinis.
1758 2277 1798 2313 X,
1818 2279 1868 2308 57.

1223 2315 1355 2352 Optarim
1379 2328 1425 2345 me
1449 2320 1586 2356 quotidie.
1610 2320 1694 2355 VIII,
1719 2321 1790 2350 760.

1223 2359 1424 2388 Periucundae
1446 2362 1518 2390 mihi
1541 2363 1655 2391 fuerunt
1677 2363 1786 2392 literae.
1811 2363 1850 2399 X,
1873 2365 1921 2393 70.

1222 2401 1380 2439 Postquam
1405 2404 1460 2431 huc
1482 2406 1657 2433 nunciatum.
1681 2405 1721 2442 X,
1746 2406 1794 2436 62.

1222 2444 1343 2473 Praeter
1366 2456 1474 2474 morem
1498 2449 1612 2476 accidit.
1635 2449 1688 2483 IV,
1714 2450 1782 2478 136.

1222 2485 1317 2521 Quale
1340 2497 1429 2526 sopor
1452 2490 1545 2519 fessis.
1571 2491 1606 2526 V,
1631 2492 1702 2520 659.

1222 2528 1309 2565 Quod
1331 2531 1368 2558 ad
1390 2536 1428 2567 te,
1451 2534 1495 2561 vir
1517 2535 1695 2571 gravissime.
1714 2534 1738 2570 Ι,
1762 2534 1833 2563 283.
