2237 2880
357 751 613 818 LIBRI
658 751 1070 817 PHILIPPI
1118 750 1783 818 MELANTHONIS

232 872 293 912 IN
323 871 526 916 QUIBUS
554 872 833 912 DOGMATA
862 871 936 911 AC
967 871 1231 911 SYMBOLA.
1262 869 1586 911 DOCTRINAE
1613 871 1915 912 ECCLESIAE

723 926 1116 968 LUTHERANAE
1145 925 1430 966 EXPOSUIT.

654 1199 1109 1266 VOLUMEN
1156 1199 1487 1265 XXVIII.

393 1370 447 1410 Π.
492 1370 819 1411 APOLOGIA
849 1369 1293 1410 CONFESSIONIS
1324 1370 1755 1411 AUGUSTANAE

797 1428 952 1455 auctore
975 1424 1069 1455 Phil.
1093 1424 1347 1455 Melanthone.

789 1571 1097 1665 APOLOGI}
1116 1627 1353 1666 ALTERA.

955 1683 1190 1724 (Continuatio.)

388 1846 636 1878 APOLOGIAE
660 1846 845 1877 LATINAE
869 1797 1103 1877 AMPLIORIIS
1126 1824 1468 1877 INTERPRETATIO
1493 1846 1754 1878 GERMANICA.

274 1925 495 1965 Prolegomena
513 1924 660 1964 specialia
677 1935 707 1964 p.
731 1926 844 1954 1-36.

608 2001 655 2031 De
678 2001 926 2031 Editionibus
951 2001 1041 2031 huius
1068 2002 1320 2040 interpretationis
1340 2002 1539 2039 germanicae.

364 2064 391 2092 1.
436 2060 484 2090 De
507 2061 766 2091 Melanthonis
790 2061 932 2090 Editione
951 2062 1085 2101 principe
1108 2062 1175 2091 anni
1204 2063 1294 2091 1531.
1318 2063 1354 2090 4⁰
1376 2071 1406 2100 p.
1432 2063 1545 2092 5-28.

440 2131 466 2150 a.
513 2120 590 2156 Quis
610 2125 713 2151 auctor
731 2123 772 2151 sit
791 2121 882 2150 huius
904 2122 1156 2160 interpretationis
1175 2132 1203 2160 p.
1229 2123 1245 2151 7
1266 2130 1314 2159 sq.

439 2177 468 2206 b.
513 2176 581 2212 Quo
606 2180 740 2215 tempore
759 2177 835 2206 haec
858 2178 1062 2217 interpretatio
1085 2178 1197 2216 scripta
1219 2181 1249 2206 et
1272 2177 1396 2215 primum
1420 2176 1500 2205 edita
1519 2177 1560 2206 sit
1582 2187 1611 2215 p.
1634 2179 1648 2205 7
1669 2186 1738 2215 sqq.

439 2242 463 2262 c.
510 2231 607 2268 Quam
631 2233 773 2261 rationem
793 2232 867 2262 haec
891 2234 1094 2272 interpretatio
1113 2233 1224 2262 habeat
1242 2232 1279 2261 ad
1301 2232 1422 2261 latinam
1441 2231 1621 2271 Apologiam
1641 2241 1668 2271 p.
1693 2234 1709 2262 9
1730 2242 1798 2271 sqq.

438 2288 467 2317 d.
509 2287 670 2323 Quomodo
693 2288 832 2327 exempla
851 2288 940 2317 huius
961 2288 1113 2318 Editionis
1133 2289 1209 2317 inter
1232 2298 1269 2317 se
1288 2287 1470 2317 dissentiant
1492 2297 1520 2327 p.
1548 2290 1583 2317 17
1609 2296 1678 2326 sqq.

363 2349 391 2377 2.
434 2346 482 2377 De
504 2347 763 2377 Melanthonis
786 2347 928 2378 Editione
951 2359 977 2378 a.
1001 2350 1091 2378 1533.
1118 2349 1154 2378 8⁰
1177 2358 1205 2388 p.
1227 2349 1362 2377 27—34.

436 2418 462 2437 a.
508 2408 586 2443 Quis
605 2412 707 2438 auctor
729 2409 771 2438 sit
794 2408 885 2438 huius
908 2409 1125 2438 retractationis
1150 2418 1178 2447 p.
1200 2410 1236 2438 27
1262 2418 1309 2446 sq.

437 2464 467 2492 b.
509 2463 578 2499 Quo
602 2468 736 2502 tempore
759 2463 833 2493 haec
857 2465 1060 2503 interpretatio
1080 2467 1239 2493 retraetata
1261 2466 1292 2492 et
1310 2463 1391 2492 edita
1409 2463 1451 2492 sit
1469 2473 1497 2501 p.
1519 2464 1556 2492 27
1582 2472 1649 2501 sqq.

438 2529 463 2549 c.
510 2519 609 2554 Quam
632 2520 776 2549 rationem
800 2519 877 2549 haec
894 2519 951 2549 Ed.
972 2520 1083 2550 habeat
1102 2520 1139 2549 ad
1164 2520 1335 2549 Editioncm
1356 2518 1518 2557 principem
1537 2517 1627 2547 huius
1648 2516 1817 2556 Apologiae
1840 2527 1869 2556 p.
1895 2518 1933 2547 29
1955 2526 2005 2555 sq.

436 2574 466 2603 d.
507 2574 666 2611 Quomodo
690 2574 827 2615 exempla
845 2575 936 2605 huius
959 2575 1017 2605 Ed.
1043 2576 1118 2605 inter
1136 2585 1173 2604 se
1191 2574 1373 2604 dissentiant
1394 2582 1423 2612 p.
1449 2575 1486 2603 29
1507 2582 1575 2612 sqq.
