2299 2921
161 115 225 147 115

162 211 228 240 Iun.
283 213 330 240 11.

165 339 220 368 Iul.
306 340 334 368 3.

194 476 212 494 u
237 489 242 495 .
303 466 332 493 6.

165 468 192 495 A
215 475 234 503 g
324 529 331 535 .
353 508 420 535 Mel.
443 506 589 535 Dresdam
613 506 818 543 proficiscitur,
842 511 871 533 ut
891 506 930 533 ibi
954 510 1057 543 agatur
1081 506 1116 533 dc
1139 506 1261 534 coneilio
1284 506 1415 534 Trident.

324 573 330 579 .
354 550 463 578 Iterum
487 550 604 577 domum
627 549 702 577 redit
726 558 762 576 ex
785 549 897 577 itinere.

318 614 324 620 .
348 593 465 630 Accipit
496 592 663 620 Melanthon
693 592 805 619 litteras
831 591 960 626 Alberti,
985 590 1077 618 Ducis
1101 591 1254 625 Prussiae,
1290 592 1320 619 in
1344 592 1448 628 quibus
1470 598 1608 630 rogatur,
1641 598 1671 620 ut
1695 593 1866 622 sententiam
1895 601 1977 620 suam
2006 593 2113 622 scribat
2137 593 2174 622 de

164 676 244 715 Sept.
303 680 314 706 1
324 699 330 705 .

167 804 231 835 Oct.

167 976 198 1005 N
200 986 246 1005 ov.

168 1573 229 1602 Ian.
305 1576 330 1602 1.

213 1681 339 1730 7—132

289 1746 336 1774 13.

288 1831 336 1858 14.

289 1873 337 1900 16.

284 1915 333 1944 21.

287 1958 336 1985 22.

288 2171 336 2200 25.

174 2212 259 2242 Febr.
293 2215 340 2243 19.

291 2257 341 2285 23.

291 2342 341 2369 24.

291 2384 341 2413 27.

176 2469 261 2498 Mart.
317 2470 344 2498 9.

295 2512 342 2540 12.

178 2556 226 2584 13.
236 2554 282 2583 vel
293 2556 340 2583 14.

803 111 988 144 PHlLlPPl
1010 110 1329 143 MELANTHONIS
1353 110 1512 143 OPERA.
2110 111 2172 144 116

354 210 526 239 Melanthon
551 207 737 237 confessioni
760 206 923 235 Saxonicae
946 207 1026 234 addit
1049 207 1191 242 quaedam
1216 207 1251 234 de
1271 207 1361 235 veteri
1382 207 1476 235 forma
1497 205 1694 245 collegiorum
1718 208 1938 246 episcopalium.

353 254 407 282 Est
430 252 642 281 Sonncwaldae
666 251 744 287 apud
767 248 911 278 Comitem
934 259 952 276 a
974 248 1078 277 Solms.

357 296 550 324 Commendat
574 294 708 321 Laelium
729 291 877 326 Socinum,
902 292 1045 319 Viennam
1067 292 1274 329 profecturum.

357 338 462 375 Legati
486 337 605 365 Ioannis
627 335 807 363 Mai-chionis
830 335 955 372 probant
978 332 1197 363 Confessionem
1222 333 1398 364 Saxonicam
1424 335 1605 373 Vitebergae.

355 379 542 409 Conveniunt
571 378 745 415 Vitebergae
774 378 910 415 pastores
936 376 1135 405 Ecclesiarum
1165 378 1340 413 vicinarum,
1376 378 1415 406 ut*
1437 379 1621 407 subscribant
1652 377 1838 408 Confessioni
1866 377 2042 408 Saxonicae.
2088 380 2172 415 (vid.

389 422 502 459 &aIig'ss
521 422 636 457 historie
655 425 700 450 Der
720 420 884 457 mugssburg.
905 419 1022 455 OEonfefi'.
1043 420 1065 448 Ι.
1089 430 1117 457 p.
1139 421 1223 451 664.)

356 465 549 493 Recuduntur
573 463 770 492 Melanthonis
792 461 985 500 ὖπὶμνίματα
1007 463 1037 490 in
1061 462 1268 491 Ecclesiasten.

391 636 588 664 controversia
612 635 648 662 ab
671 633 817 662 Osiandro
841 639 929 661 mota.

352 678 462 706 Iterum
484 678 638 706 inchoatur
661 678 737 705 actio
760 677 790 704 in
813 675 924 705 Concil.
948 676 1028 704 Trid.

355 720 477 748 Ineunte
500 719 580 758 Sept.
605 721 752 748 decretum
775 720 992 747 severissimum
1012 720 1042 746 in
1068 719 1167 746 Gallia.
1189 725 1288 746 contra
1312 717 1504 748 Lutberanos.

323 786 329 792 .
354 764 516 791 Antonium
541 761 699 791 Corvinum
721 762 893 790 Melanthon
917 762 1101 790 commendat
1125 761 1426 790 HildeshemensibuS.

349 806 455 843 Legati
478 806 615 839 Mauritii,
638 805 730 833 Ducis
752 805 854 838 Elect„
877 810 905 832 et
927 804 1016 841 legati
1039 804 1335 841 Magdeburgensium
1355 805 1530 842 Vitebergae
1553 807 1739 841 conveniunt,
1763 806 1855 834 acturi
1879 807 1914 834 de
1936 817 2009 844 paee
2031 807 2173 835 facienda.

357 849 527 877 Melanthon
551 849 764 876 confessionem
788 846 925 875 Osiandri
949 848 1053 885 accipit
1078 848 1194 875 missam
1216 847 1251 874 ab
1276 847 1398 875 Alberto
1422 847 1514 876 Duce.

355 892 524 919 Melanthon
548 892 583 918 ad
606 891 883 928 Baumgartnerum:
910 889 1017 925 „Nune
1040 890 1206 918 recudimus
1230 890 1334 918 librum
1358 891 1393 918 de
1417 891 1522 925 anima,
1546 891 1591 918 cui
1614 891 1826 928 praefationem
1846 892 1882 919 ad
1902 895 1930 918 te.
1950 892 2036 920 aliam
2055 892 2173 921 addam.

391 935 515 962 Decrevi
538 935 624 962 etiam
648 935 732 962 edere
754 933 884 961 libellum
909 932 1012 961 Iustini
1035 933 1172 970 Martyris
1195 942 1295 961 recens
1319 933 1449 968 anatum,
1473 934 1518 962 cui
1540 934 1644 962 titulus
1668 938 1725 962 est:
1749 935 1871 969 ἕκθεσις
1894 936 2050 970 πίστεως-(4

356 978 422 1005 Pax
444 978 520 1005 inter
543 977 710 1005 Mauritium
732 977 780 1004 Pr.
802 976 893 1004 Elect.
919 980 946 1003 et
968 976 1244 1013 Magdeburgenses.

355 1020 526 1048 Melanthon
547 1020 577 1047 in
600 1020 701 1048 schola
724 1024 841 1046 enarrat
863 1019 1073 1056 Aristophanis
1096 1019 1229 1055 Equites,
1253 1024 1281 1046 et
1303 1019 1514 1057 Thucydidem.

357 1062 463 1092 Scribit
485 1063 622 1091 iudicium
642 1073 726 1091 suurn
750 1063 785 1090 de
809 1062 943 1090 doctrina
965 1060 1103 1089 Osiandri
1126 1062 1162 1089 ad
1186 1062 1365 1090 Moibanum.

325 1127 332 1133 .
356 1106 495 1133 Mandata
517 1106 622 1142 accipit
645 1115 662 1133 a
684 1106 820 1133 Mauritio
844 1104 901 1138 ΕΙ..
926 1109 957 1131 ut
978 1104 1177 1141 proficiscatur
1200 1105 1384 1134 Tridentum.

327 1170 333 1176 .
357 1148 556 1177 Proficiscitur
580 1148 732 1176 Dresdam.

329 1213 334 1218 .
358 1190 413 1219 Est
436 1192 560 1219 Misuiae
585 1197 611 1219 et
634 1191 722 1219 mittit
746 1190 839 1218 Paulo
861 1189 959 1218 Ebero
983 1189 1121 1226 scriptum
1141 1199 1224 1218 suum
1247 1191 1282 1218 de
1305 1190 1380 1218 libro
1404 1189 1552 1218 Osiandri.

326 1256 332 1261 .
357 1234 410 1262 Est
432 1234 574 1262 Dresdae.
610 1228 710 1268 Curat,
733 1238 765 1261 ut
792 1233 930 1261 iudicium
955 1241 1038 1260 suum
1063 1233 1097 1260 de
1126 1231 1289 1267 Osiandro,
1313 1233 1451 1260 Moibano
1471 1233 1601 1267 missum,
1624 1232 1802 1261 describatur
1826 1242 1876 1270 per
1897 1233 2023 1261 Eberum
2046 1233 2077 1261 in
2095 1242 2178 1262 usum

393 1276 507 1312 Albberti
528 1276 620 1304 Ducis
644 1276 863 1314 Megapolitani.

358 1318 423 1347 Hoc
457 1329 535 1347 anno
568 1320 714 1356 praefatus
748 1323 792 1346 est
824 1319 853 1345 in
883 1315 1005 1355 Georgii
1030 1317 1150 1346 Maioris
1180 1318 1285 1346 librum
1315 1319 1351 1346 de
1379 1317 1517 1346 abusibus
1547 1326 1581 1346 ac
1608 1317 1812 1354 profanatione
1835 1327 1943 1346 coenae
1963 1319 2127 1347 dominicae
2148 1319 2178 1347 in

392 1362 483 1390 Missa
506 1362 663 1399 pontificia.

1013 1487 1170 1519 ANNo
1211 1487 1337 1518 1552.

355 1573 526 1602 Melanthon
550 1573 681 1602 Dresdae
706 1579 759 1602 est.
804 1574 876 1602 Eius
900 1575 1040 1612 scriptum
1065 1575 1101 1602 de
1125 1573 1270 1603 Osiandro
1293 1574 1372 1612 typis
1395 1574 1568 1603 exscribitur
1592 1579 1620 1602 et
1642 1582 1710 1602 mox
1732 1574 1837 1611 prodit.

357 1617 603 1646 Bernhardus
625 1616 835 1654 Zieglerus,
858 1616 1032 1655 Lipsiensis,
1053 1618 1182 1645 moritur.

357 1659 526 1687 Melanthon
549 1658 681 1697 Lipsiam
703 1660 905 1697 proficiscitur.

362 1701 480 1739 Lipsiae
505 1707 643 1730 versatur.

359 1744 488 1773 Litterae
511 1745 649 1777 Mauritii‚
672 1745 765 1773 Ducis
790 1746 895 1781 Elect.‚
919 1746 956 1774 ad
981 1745 1136 1774 concilium
1159 1745 1291 1773 Trident.
1315 1754 1332 1772 a
1354 1744 1542 1772 Melanthone
1567 1744 1700 1781 scriptae.

360 1787 529 1815 Melanthon
552 1789 730 1816 convictores
754 1798 822 1816 suos
846 1789 979 1822 dimittit.
1003 1793 1031 1816 et
1053 1788 1233 1816 auditoribus
1258 1787 1514 1824 Vitebergensibus
1540 1787 1685 1816 valedicit.

360 1830 419 1857 Iter
440 1830 602 1866 ingreditur
624 1831 659 1857 ad
683 1831 785 1859 concil.
807 1831 938 1859 Trident.
962 1832 1040 1859 iussu
1064 1831 1208 1868 Principis
1232 1830 1383 1858 Electoris.

360 1872 449 1900 Venit
472 1872 632 1910 Cygneam.

357 1913 495 1952 Synodus
518 1916 672 1943 Pastorum
697 1915 954 1954 Gryphiswaldae‚
979 1916 1155 1944 confessioni
1179 1914 1343 1944 Saxonicae
1367 1915 1620 1943 subscribentium.

361 1958 532 1986 Melanthon
561 1959 645 1985 simul
674 1968 738 1986 cum
762 1958 908 1993 Peucero,
937 1960 1043 1987 comite
1066 1968 1135 1993 sun,
1165 1959 1243 1985 venit
1266 1957 1497 1995 Norinbergam,
1528 1958 1577 1986 ubi
1599 1966 1691 1994 usque
1713 1957 1749 1985 ad
1772 1957 1911 1985 ulteriora
1933 1956 2077 1985 Electoris
2099 1965 2181 1985 man-

396 2001 465 2028 data
488 2001 638 2029 considere
662 2001 797 2030 decrevit.
853 2001 1003 2039 Recipitur
1035 2002 1063 2028 in
1088 2002 1214 2029 claustro
1237 2002 1401 2037 Aegidiano
1431 2001 1467 2028 ab
1492 2001 1606 2028 Abbate
1633 2000 1847 2035 Friderico,
1879 2001 1954 2037 apud
1984 2009 2070 2037 quem
2098 1999 2181 2028 habi·

396 2044 469 2071 tavit
490 2053 580 2080 usque
603 2044 628 2071 d.
654 2045 681 2072 9.
701 2044 746 2071 vel
773 2045 818 2072 10.
842 2045 960 2080 Martis,
990 2049 1016 2072 et
1045 2045 1162 2082 saepius
1192 2045 1222 2072 in
1245 2044 1347 2072 schola
1369 2044 1533 2081 Aegidiaua
1564 2044 1716 2081 praelegit.
1768 2042 1929 2072 Strobelius
1956 2042 1993 2070 ad
2018 2040 2180 2070 Camerarii

399 2087 485 2114 vitam
511 2086 708 2115 Melanthonis
736 2097 765 2124 p.
786 2087 857 2115 316.
887 2094 1000 2121 narrat,
1036 2087 1254 2115 Melanthonem
1285 2087 1398 2115 circiter
1425 2087 1545 2124 triginta
1567 2087 1641 2114 duas
1668 2086 1808 2114 lectiones
1832 2086 1963 2123 publicas
1992 2085 2128 2114 habuisse
2148 2085 2178 2112 in

400 2128 564 2167 Gymnasio
588 2130 762 2166 Aegidiano.

360 2171 515 2200 Praefatur
536 2173 565 2199 in
587 2172 712 2200 Tomum
736 2171 790 2201 III.
815 2173 1031 2200 enai-rationum
1049 2172 1169 2200 Lutheri
1192 2173 1222 2200 in
1247 2171 1388 2206 Genesin,
1411 2173 1447 2200 ab
1471 2172 1591 2200 Hieron.
1616 2172 1745 2201 Besoldo
1769 2172 1886 2200 editum.

365 2212 490 2243 Senatus
511 2214 688 2252 Norinberg.
713 2215 892 2243 Melanthoni
914 2216 986 2243 duos
1008 2225 1097 2252 equos
1121 2216 1216 2244 donat.

365 2257 536 2286 Melanthon
560 2258 649 2292 audit,
673 2257 839 2285 Mauritium
863 2257 955 2285 Elect.
980 2268 1083 2295 parare
1108 2258 1213 2285 bellum
1237 2263 1337 2286 contra
1361 2257 1527 2293 Caesarem,
1550 2267 1639 2295 quare
1663 2257 1824 2286 consultum
1849 2261 1930 2293 putat
1948 2257 2065 2285 domum
2083 2255 2182 2292 potius

399 2301 501 2335 redire,
524 2310 608 2337 quam
633 2301 662 2328 in
684 2301 786 2328 itinere
809 2300 929 2328 ulterius
953 2302 1096 2338 progredi.

365 2343 517 2371 Praefatur
540 2344 576 2371 ad
598 2343 750 2380 Fuggeros
773 2344 803 2371 in
827 2343 946 2371 Ioannis
968 2344 1195 2380 Regiomontani
1219 2343 1340 2371 tabulas.

364 2385 441 2413 Petit
460 2386 495 2413 ab
515 2386 590 2421 aula,
610 2391 641 2414 ut
659 2386 795 2421 declaret,
818 2386 1077 2424 regrediendumne
1099 2388 1155 2423 ipsi
1173 2387 1219 2420 sit,
1244 2395 1281 2414 an
1300 2385 1564 2423 progrediendum?

366 2427 433 2456 Hoc
456 2434 585 2467 tempore
608 2434 768 2457 conventus
792 2434 836 2457 est
856 2429 988 2457 ordinum
1012 2430 1204 2458 Misnensium
1228 2429 1383 2466 Torgavia.

366 2471 410 2498 vel
433 2472 480 2499 10.
510 2472 691 2506 Melanthon,
715 2481 790 2509 equo
814 2476 923 2506 vectus,
946 2482 999 2501 suo
1021 2473 1140 2500 arbitrio
1164 2473 1282 2500 domum
1304 2472 1468 2500 revertitur.
1508 2471 1692 2500 Comitantur
1715 2480 1780 2498 eum
1795 2469 1952 2499 -Sarcerius
1975 2475 2003 2498 et
2026 2469 2147 2498 Pacens-

365 2512 474 2550 Egram
498 2515 585 2549 venit,
604 2515 653 2542 ubi
677 2515 811 2551 equitem,
836 2524 919 2552 quem
944 2516 970 2543 ei
993 2513 1118 2543 Senatus
1140 2515 1315 2552 Norinberg.
1341 2515 1475 2543 comitem
1496 2514 1608 2542 itineris
1631 2514 1759 2548 dederat,
1782 2514 1886 2541 iterum
1910 2513 2041 2541 dimittit..

363 2555 533 2584 Melanthon
557 2563 597 2584 est
621 2558 650 2585 in
674 2558 784 2595 oppido
807 2557 1014 2585 Ioachimsthal
1038 2559 1115 2596 apud
1141 2558 1335 2585 Matthesium.
