2299 2921
138 104 200 137 151

788 105 976 140 PHILIPPI
1005 105 1322 138 MELANTHONIS
1348 105 1512 139 OPERA.
2090 109 2154 141 152

977 232 1199 264 VOLUMEN
1231 232 1316 265 xm.
2084 204 2150 235 &³¹

348 314 388 342 ΙΙ.
432 312 521 341 Liber
544 314 580 341 de
601 313 699 340 anima
762 335 768 341 .
816 336 822 341 .
848 348 853 352 ῃ
871 334 2021 345 ......................
2135 317 2150 344 1

330 356 385 385 111.
432 357 518 384 Initia
541 356 687 384 doctrinae
710 354 847 392 physicae
874 377 2022 389 ......................
2091 358 2151 387 179

333 399 385 428 IV.
431 399 584 426 Elementa
606 398 765 425 rhetorices
822 420 2021 431 .......................
2089 401 2150 429 413

349 441 385 470 V.
431 442 599 470 Erotemata
623 440 788 468 dialectices
824 463 2021 473 .......................
2090 443 2151 472 507

140 588 293 629 LIBRI
331 587 574 627 PHILIPPI
613 585 1023 628 MELANTHONIS
1062 586 1122 626 IN
1163 585 1366 636 QUIBUS
1413 587 1746 629 ENARRAVIT
1789 586 2151 631 SCRIPTURAM

1024 657 1272 700 SACRAM.

377 769 399 797 Ι.
446 767 680 797 Commentarius
701 769 730 796 in
755 767 887 797 Genesin
925 792 2017 801 .....................
2087 770 2145 799 761

355 812 393 840 II.
440 813 650 849 Argumentum
676 812 705 838 in
729 812 847 839 Esaiam
871 811 1041 848 prophetam
1094 834 2018 843 ..................
2087 813 2149 842 793

341 854 396 883 III.
444 856 655 891 Argumentum
677 855 707 881 iu
728 854 879 882 Ieremiam
900 855 1072 892 prophetam
1093 877 2019 885 ..................
2089 856 2149 886 807

346 897 399 926 IV.
445 899 657 934 Argumentum
685 898 715 924 in
738 897 873 925 Threnos
902 897 1045 925 lei-ennae
1092 920 2022 927 ..................
2089 898 2150 926 815

362 941 398 968 V.
444 941 476 968 In
502 939 653 967 Danielem
677 940 849 978 prophetam
870 941 1095 968 commentarius
1146 963 2023 970 .................
2090 940 2151 968 823

349 983 420 1011 VI.v
449 985 660 1020 Argumentum
685 984 856 1011 concionum
880 983 1041 1020 prophetae
1063 982 1198 1019 Haggaei
1256 1006 2024 1012 ...............
2092 983 2151 1011 981

334 1025 403 1054 VII.
449 1024 681 1054 Commentarius
704 1026 734 1053 in
759 1026 928 1063 prophetam
952 1025 1121 1053 Zachariam
1148 1047 2023 1055 .................
2091 1026 2152 1054 989

317 1069 402 1097 VHI.
448 1069 667 1106 Explicationes
690 1069 720 1096 in
739 1069 852 1096 initium
876 1069 1040 1096 Malachiae
1094 1091 2023 1098 ..................
2072 1068 2153 1096 1005

347 1111 402 1140 ΙΧ.
448 1111 660 1141 Commentarii
683 1112 712 1139 iu
738 1111 872 1140 Psalmos
927 1132 2020 1141 .....................
2070 1111 2150 1139 1017

979 1202 1198 1234 VOLUMEN
1232 1201 1318 1232 XIV.

353 1281 393 1310 X.
440 1281 606 1319 Explicatio
630 1282 854 1310 Proverbiorum
879 1280 1042 1310 Salomonis
1090 1302 2019 1311 ..................
2135 1283 2149 1310 1

338 1323 391 1351 XI.
436 1325 590 1352 Enarratio
615 1325 643 1352 in
667 1324 864 1353 Ecclesiasten
928 1347 1477 1353 ...........
1508 1351 1512 1354 ,
1526 1346 2021 1353 ..........
2112 1324 2152 1353 89

322 1366 391 1394 XII.
438 1368 652 1395 Annotationes
675 1368 704 1395 in
728 1367 888 1404 Evangelia
928 1389 2018 1397 .....................
2091 1367 2150 1395 161

432 1411 572 1439 Annotat.
596 1415 623 1437 et
646 1411 801 1438 conciones
820 1411 850 1438 iu
873 1410 986 1446 Evang.
1008 1409 1149 1437 Matthaei
1197 1432 2020 1439 ................
2090 1409 2151 1438 529

432 1455 572 1481 Annotat.
598 1458 625 1481 et
649 1453 803 1482 conciones
823 1453 854 1481 in
876 1453 988 1490 Evang.
1011 1453 1130 1480 Ioannis
1199 1475 2019 1481 ................
2071 1452 2150 1481 1043

983 1544 1201 1576 VOLUMEN
1235 1543 1309 1575 XV.

316 1624 386 1652 XII.
435 1625 648 1652 Annotationes
670 1625 700 1652 in
724 1624 885 1661 Evangelia
907 1624 1113 1661 (continuatio)
1146 1645 2020 1652 .................
2136 1622 2149 1649 1

432 1658 586 1696 Enarffitio
610 1667 640 1695 in
661 1667 774 1704 Evang.
798 1666 919 1696 Ioannis
982 1688 2020 1696 ....................
2134 1665 2147 1692 1

305 1709 390 1739 XIII.
437 1710 651 1738 Annotationes
674 1711 702 1738 in
726 1710 875 1748 Epistolas

479 1756 503 1782 ].
548 1752 710 1790 Dispositio
734 1753 873 1781 orationis
894 1753 924 1781 in
948 1752 1071 1789 epistola
1093 1751 1179 1780 Pauli
1203 1752 1240 1780 ad
1262 1751 1412 1779 Romanos
1470 1773 2017 1780 ...........
2086 1749 2147 1777 443

477 1796 502 1823 2.
550 1794 756 1823 commentarii
780 1796 808 1823 in
833 1797 914 1833 epist.
938 1795 1021 1822 Pauli
1045 1795 1080 1822 ad
1104 1794 1188 1822 Rom.
1253 1816 2017 1823 ...............
2087 1792 2148 1820 493

477 1840 503 1868 3.
550 1839 705 1866 Enarratio
730 1839 812 1875 epist.
836 1839 921 1866 Pauli
944 1838 980 1865 ad
1003 1838 1087 1865 Rom.
1146 1859 2019 1866 .................
2088 1835 2146 1862 797

476 1883 503 1910 4.
551 1880 784 1909 Commentarius
807 1882 838 1909 in
862 1882 944 1918 epist.
966 1880 1050 1908 Pauli
1072 1881 1108 1908 ad
1131 1879 1299 1908 Corinthios
1364 1902 2017 1909 .............
2067 1877 2147 1905 1053

477 1925 504 1952 5.
550 1924 705 1951 Enarratio
728 1925 809 1961 epist.
834 1924 918 1951 Pauli
941 1924 976 1951 ad
1000 1923 1187 1951 colossenses
1251 1944 2017 1951 ...............
2066 1919 2146 1948 1221

479 1968 505 1995 6.
551 1968 762 2003 Argumentum
788 1967 871 2004 epist.
895 1966 979 1994 Pauli
999 1967 1033 1993 ad
1058 1966 1260 2003 Philippenses
1307 1986 2017 1994 ..............
2067 1961 2147 1991 1283

478 2011 503 2037 7.
549 2009 705 2037 Enarratio
727 2010 810 2047 epist.
835 2009 917 2037 Paul.
942 2009 978 2037 ad
1001 2009 1188 2037 Timotheum
1253 2029 2018 2036 ...............
2068 2005 2148 2033 1295

975 2099 1190 2131 VOLUMEN
1225 2099 1313 2130 XVI.

390 2197 537 2225 Praefatio
594 2216 2012 2226 ...........................
2119 2191 2147 2219 V

239 2342 475 2384 SCRIPTA
509 2343 751 2383 PHILIPPI
785 2341 1194 2383 MELANTHONIS
1226 2342 1308 2382 AD
1340 2339 1588 2382 ETHICEN
1619 2339 1688 2379 ET
1720 2336 2023 2380 POLITIGEN

451 2415 806 2457 SPECTANTIA
838 2416 907 2455 ΕΤ
939 2413 1411 2456 DISSERTATIONES
1442 2412 1511 2455 HS
1543 2411 1834 2453 ANNEXAE.

432 2525 644 2562 Prolcgomena
702 2543 2015 2555 .........................
2128 2520 2141 2546 1

362 2568 384 2597 l.
432 2568 637 2606 Philosophiae
660 2568 777 2596 moralis
801 2569 941 2606 epitomes
963 2567 1029 2596 libri
1053 2567 1110 2594 duo
1139 2585 2014 2595 ................
2105 2560 2141 2588 21
