2299 2921
179 117 221 150 41

179 210 260 250 Sept.
316 211 344 239 9.

297 255 345 282 14.

295 296 344 324 29.

180 423 244 452 Oct.
297 424 344 451 11.

295 466 344 494 31.

179 550 252 579 Dec.
319 551 346 578 1.

296 593 344 622 19.

178 822 241 851 Ian.

294 865 341 892 13.

290 949 340 977 29.

176 1119 260 1148 Febr.
317 1121 342 1147 1.

176 1163 261 1190 Mart.

290 1205 336 1232 17.

176 1247 270 1284 April.

291 1290 338 1317 16.

287 1375 337 1404 22.

288 1417 338 1445 26.

173 1460 243 1489 Mai.
311 1460 338 1488 2.

174 1502 237 1532 Iun.
314 1503 341 1530 3.

290 1546 338 1572 10.

290 1588 339 1616 27.

174 1672 230 1702 Iul.
314 1673 342 1701 8.

294 1758 343 1786 23.

294 1802 343 1829 27.

176 1843 251 1881 Aug.
315 1844 343 1872 2.

315 1887 332 1914 9

302 1930 348 1957 13.

296 1972 343 1999 18.

178 2097 258 2137 Sept.

179 2224 244 2254 Oct.
301 2227 346 2254 12.

301 2269 349 2297 25.

179 2310 252 2340 Dec.
295 2311 343 2341 24.

178 2547 241 2576 Ian.
322 2550 347 2578 l.

956 112 981 143 Ι.
1026 110 1236 143 ANNALES
1265 108 1409 142 VlTAE.
2135 111 2178 143 42

367 210 413 238 De
431 209 551 238 Comete
574 207 673 236 scribit
695 207 732 235 ad
753 205 899 236 Camerar.
945 207 1032 244 (Item
1055 207 1129 235 med.
1152 205 1249 244 Sept.)

368 253 415 281 De
436 252 525 280 missa
545 251 658 288 privata
679 250 779 277 scribit
801 251 836 278 ad
861 251 1057 279 Marchionem
1082 249 1246 278 Brandeub.

368 293 566 322 camerarium
590 293 735 326 hortatur,
759 297 804 327 ut,
827 292 1012 330 Norinberga
1033 293 1142 327 relicta,
1168 301 1200 320 se
1223 291 1352 320 conferat
1373 291 1403 319 in
1426 290 1616 319 Academiam
1639 289 1754 318 Erford.

371 338 476 365 Adhuc
499 336 612 364 cuditur
634 335 772 372 apologia
794 336 976 372 germanica,
1001 345 1087 372 quam
1108 335 1251 363 emendat.

367 379 519 407 Elementa
540 378 699 406 rhetorices
721 377 798 405 dicat
819 378 887 406 filiis
909 378 1132 406 Reiffensteinii.

368 421 569 458 Zwinglius
592 421 720 448 caeditur
743 421 772 448 in
795 421 867 448 acie.

366 464 434 492 Mel.
460 464 495 491 de
519 463 720 500 Anabaptistis
743 472 841 490 severe
864 463 981 491 iudicat.

369 506 523 542 Queritur,
548 507 624 543 quod
647 507 729 533 rixae
752 505 932 542 theologicae
955 507 1050 542 ipsum
1074 505 1218 533 abducant
1241 514 1259 532 a
1281 504 1377 532 studio
1400 504 1570 532 litterarum.

370 549 680 586 oecolampadius
703 548 832 576 moritur.

369 590 536 620 Conventus
554 591 713 628 legatorum
728 591 902 618 Protestant.
915 590 1108 618 Francofurdi
1125 591 1162 618 ad
1174 590 1279 625 Moen„
1293 589 1342 617 ubi
1354 589 1431 626 quod
1442 589 1586 626 reliquum
1599 591 1661 616 erat
1672 588 1708 616 de
1720 587 1851 624 paranda
1863 585 2029 614 defensione
2040 590 2178 615 statuunt.

370 635 526 663 Enarravit
548 634 604 662 hoc
624 643 700 662 anno
720 633 890 661 Homerum.

359 686 372 694 a

1018 741 1171 773 ANNO
1217 740 1338 772 1532.

367 821 490 849 Ineunte
512 821 648 848 Ianuario
671 820 738 849 Mel.
762 820 924 848 rhetoricen
946 829 1027 847 suain
1052 821 1139 847 mittit
1161 819 1287 856 Magno,
1310 818 1387 846 Duci
1410 819 1590 856 Megapolit.,
1610 819 1694 855 eique
1717 818 1902 846 commendat
1922 816 2071 847 Sabinum.

365 863 410 891 De
432 862 659 900 Oecolampadio
683 867 711 890 et
734 863 769 890 de
791 862 913 891 Lutheri
938 863 1102 890 valetudine
1122 862 1222 890 scribit
1245 861 1422 890 camerario.
1447 877 1488 880 —
1514 860 1662 897 „Norica“
1688 860 1829 889 Ioachimi
1847 859 2006 889 Camerarii
2029 860 2179 888 excudun-

399 911 445 934 tur
469 906 655 943 Vitebergae.

364 948 523 983 Lutherus,
548 949 596 985 qui
619 948 781 985 periculose
803 952 1019 984 aegrotaverat,
1044 946 1227 974 convalescit.

366 992 502 1019 Exeunte
525 991 585 1018 Ian.
609 991 675 1018 Mel.
692 991 768 1018 dono
786 991 890 1027 accipit
902 990 1037 1027 poculum
1060 993 1229 1025 argenteum
1248 989 1412 1016 inauratum
1431 998 1448 1016 a
1467 989 1586 1025 Magno,
1599 988 1681 1016 Duce
1694 988 1851 1025 MegapoL,
1865 993 1891 1016 et
1903 986 2026 1016 Sabinus
2038 997 2175 1025 pannum.

365 1034 494 1063 Corvino
517 1034 603 1061 mittit
626 1033 693 1060 Mel.
718 1033 882 1061 chronicon
907 1031 1058 1064 Carionis,
1080 1032 1109 1059 in
1129 1041 1186 1068 quo
1210 1031 1301 1058 multa
1324 1032 1534 1059 emendaverat.

366 1077 433 1104 Mel.
456 1077 486 1103 in
509 1076 610 1104 schola
632 1080 747 1103 enarrat
769 1078 852 1112 epist.
876 1076 911 1101 ad
932 1075 1089 1102 Romanos.

367 1118 477 1153 Caesar
500 1128 536 1145 ex
559 1117 663 1154 Belgio
685 1118 865 1153 Moguntiam
890 1119 976 1151 venit,
999 1117 1091 1144 iturus
1112 1116 1302 1144 Ratisbonam
1326 1116 1362 1143 ad
1385 1115 1512 1144 Comitia
1533 1115 1675 1143 habenda.

364 1162 485 1188 Ineunte
511 1161 613 1188 Martio
637 1160 784 1197 praefatur
805 1160 840 1187 ad
861 1159 1019 1187 Gauricum
1043 1161 1072 1187 in
1096 1159 1255 1187 Camerarii
1278 1159 1382 1186 librum
1406 1160 1442 1186 de
1463 1158 1614 1196 portentis.

361 1204 449 1231 Mittit
471 1204 607 1240 Myconio
630 1203 844 1239 propositiones
864 1203 898 1230 de
923 1203 1110 1239 poenitentia.

365 1246 488 1273 Ineunte
507 1246 603 1283 April.
627 1251 787 1273 conventus
811 1244 960 1280 Suinforti,
984 1245 1032 1272 ubi
1055 1246 1090 1273 de
1113 1254 1185 1282 pace
1206 1245 1281 1272 inter
1304 1243 1504 1272 Protestantes
1528 1249 1555 1271 et
1580 1242 1746 1271 Catholicos
1770 1243 1902 1271 facienda
1923 1244 2029 1281 agitur.

363 1289 429 1316 Mel.
453 1298 534 1316 suam
559 1289 730 1316 sententiam
753 1289 788 1315 de
807 1298 865 1315 una
887 1289 983 1324 specie
1006 1288 1035 1315 in
1060 1297 1151 1315 coena
1171 1296 1193 1315 s.
1218 1287 1316 1314 scribit
1339 1287 1375 1314 ad
1399 1286 1580 1314 Ioaehimum
1604 1286 1711 1314 March.
1737 1286 1903 1314 Brandenb.

363 1331 490 1359 Enarrat
512 1332 642 1367 quintum
665 1331 769 1358 librum
793 1330 963 1358 Ethicorum
987 1330 1164 1359 Aristotelis.

361 1373 618 1401 Hervordensibus
641 1374 740 1401 scribit
762 1374 846 1401 simul
871 1382 935 1400 cum
958 1372 1088 1400 Luthero
1112 1373 1147 1400 de
1170 1372 1255 1400 rebus
1274 1371 1479 1400 ecclesiasticis
1501 1375 1578 1399 recte
1601 1371 1795 1398 instituendis.

360 1415 467 1444 Scribit
487 1417 555 1453 quid
577 1417 640 1453 spei
663 1416 768 1443 habeat
790 1417 825 1443 de
845 1421 988 1444 conventu
1011 1414 1212 1444 Suinfortensi.

363 1459 451 1486 Liber
474 1459 590 1496 quintus
613 1459 780 1486 Ethicorum
805 1459 971 1487 Aristotelis
992 1469 1027 1487 ex
1051 1468 1156 1495 graeco
1179 1459 1208 1486 in
1231 1458 1352 1485 latinum
1377 1466 1476 1485 versus
1499 1457 1604 1491 editur,
1627 1457 1739 1484 dicatus
1762 1455 1864 1484 Ulrico
1888 1454 2021 1494 Silfingo.

365 1501 534 1530 Conventus
558 1501 759 1538 Norinbergae
782 1502 891 1538 incipit.
1714 1502 1718 1503 ⁷

362 1544 449 1572 Initia
468 1544 658 1572 Comitiorum
684 1544 870 1572 Ratisbonae.

364 1586 512 1623 Incipiunt
545 1587 726 1624 epistolae
757 1588 798 1614 ad
830 1586 1032 1624 Georgium
1067 1586 1278 1623 Principem
1312 1585 1572 1620 Anhaltinum,
1606 1584 1651 1612 cui
1683 1584 1865 1612 commendat
1892 1583 2048 1613 Nicolaum
2079 1584 2178 1614 Haus-

361 1657 367 1661 ,
397 1639 543 1658 mannum.

366 1672 538 1710 Respondet
556 1672 593 1700 ad
616 1672 831 1710 quaestionem:
854 1681 890 1700 an
909 1672 1032 1700 subditis
1053 1672 1140 1699 liceat
1162 1681 1192 1699 se
1214 1671 1369 1699 defendere
1391 1671 1529 1698 adversus
1552 1670 1728 1707 principem,
1758 1670 1816 1698 vim
1839 1669 2010 1698 inferentem
2032 1671 2063 1699 in
2088 1679 2178 1699 causa

397 1715 556 1752 religionis.

367 1759 452 1786 Pacis
476 1758 601 1786 formula
624 1758 788 1785 decernitur
810 1758 839 1784 in
863 1762 1005 1785 conventu
1026 1756 1263 1793 Norinbergensi.

368 1800 525 1829 Decretum
550 1801 731 1828 comitiorum
756 1800 906 1828 Ratisbon.
929 1801 1100 1837 publicatur,
1125 1800 1170 1827 cui
1195 1800 1392 1827 Protestantes
1415 1799 1625 1827 contradicunt.

368 1843 476 1871 Caesar
498 1848 589 1871 ratam
613 1844 699 1870 babet
720 1843 870 1870 formulam
895 1841 975 1880 ¹pacis
998 1843 1276 1879 Norinbergensem.

336 1908 342 1912 .
368 1886 434 1913 Mel.
459 1887 494 1913 de
517 1887 608 1913 abusu
634 1886 821 1922 epistolarum
846 1895 977 1919 suarum,
1002 1896 1086 1922 quem
1111 1886 1227 1922 quidam
1250 1885 1394 1919 fecerant,
1418 1884 1557 1920 queritur.

369 1928 507 1962 Ioannes,
530 1928 600 1955 Dux
620 1927 727 1957 Saxon.
751 1928 798 1955 Pr.
824 1929 957 1963 Elector,
979 1929 1109 1956 moritur.

368 1971 466 1999 Funus
496 1971 596 1998 Ioanni
626 1971 752 1999 Electori
780 1971 916 2005 habetur,
951 1971 1142 2008 Vitebergae,
1174 1970 1222 1998 ubi
1250 1969 1395 1997 Lutherus
1426 1971 1595 1997 concionem
1631 1969 1732 2003 habet,
1766 1968 1935 1996 Melanthon
1965 1973 2063 1997 autem
2091 1968 2176 2007 λόγον

399 2012 554 2052 ἐπιτάφιον
576 2014 661 2048 dicit,
686 2018 788 2050 postea
809 2015 888 2051 typis
908 2014 1094 2051 descriptum.

367 2057 467 2084 Mense
492 2059 625 2093 Augusto
650 2056 717 2083 Mel.
742 2056 877 2084 Decanus
901 2062 959 2084 erat
985 2056 1103 2084 Ordinis
1126 2055 1371 2092 Philosophorum
1394 2055 1423 2082 in
1444 2054 1614 2083 Academia.

369 2099 435 2127 Hoc
457 2108 555 2126 mense
578 2099 674 2136 prodit
693 2099 760 2127 Mel.
786 2105 938 2127 comment.
967 2100 995 2127 in
1019 2099 1073 2136 Ep.
1097 2099 1133 2126 ad
1162 2099 1328 2132 Romanos,
1358 2098 1496 2131 Alberto,
1527 2097 1755 2134 Archiepiscopo
1782 2097 1926 2133 Mogunt.,
1953 2097 2072 2125 dicatus.
2118 2096 2177 2125 Lu-

401 2142 500 2169 thei-us
523 2142 552 2169 in
573 2152 617 2179 ep.
643 2142 679 2169 ad
702 2140 802 2168 Ionam
826 2143 852 2170 d.
880 2143 904 2169 1.
928 2141 1007 2179 Sept.
1037 2142 1124 2170 1535.
1148 2146 1261 2169 narrat:
1285 2140 1544 2178 Archiepiscopum
1560 2139 1688 2177 Philippi
1707 2140 1930 2167 commentarios
1942 2139 1997 2168 sibi
2018 2140 2177 2177 inscriptos

400 2185 524 2221 pedibus
547 2184 748 2217 conculcasse,
772 2188 797 2211 et
821 2184 1013 2212 exclamasse:
1038 2193 1084 2219 „et
1108 2185 1153 2218 but
1173 2183 1222 2213 61.
1250 2183 1348 2213 Qelten
1370 2193 1412 2212 cim
1432 2184 1542 2218 -balfefl
1590 2181 1661 2218 (Sed
1683 2182 1740 2211 vid.
1765 2192 1809 2219 ep.
1831 2182 1858 2210 d.
1880 2183 1906 2210 5.
1931 2182 1992 2210 Ian.
2019 2183 2124 2218 1533.)

370 2227 435 2255 Mel.
460 2228 547 2255 mittit
569 2228 670 2255 amicis
694 2231 846 2254 comment.
871 2228 898 2254 in
922 2227 977 2264 Ep.
1002 2227 1037 2254 ad
1062 2226 1148 2254 Rom.

372 2269 504 2297 Eundem
529 2270 766 2297 commentarium
790 2270 877 2297 mittit
894 2270 1028 2302 Erasmo,
1052 2279 1136 2306 quem
1161 2269 1245 2297 simul
1268 2274 1362 2306 rogat,
1384 2273 1415 2296 ut
1439 2268 1514 2296 bona
1536 2268 1633 2296 studia
1655 2271 1683 2295 et
1704 2267 1887 2295 concordiam
1905 2271 2082 2304 promoveat.

369 2312 569 2340 Bernhardum
592 2312 809 2341 Rothmannum
832 2313 977 2346 hortatur,
1001 2321 1037 2339 ne
1060 2312 1143 2339 vanis
1165 2311 1409 2348 disputationibus
1433 2316 1462 2338 et
1481 2311 1640 2340 sententiae
1658 2309 1791 2347 Zwinglii
1814 2309 1849 2336 de
1867 2318 1889 2338 s.
1909 2318 2000 2337 coena
2017 2309 2175 2347 indulgeat.

367 2354 526 2383 Recuditur
549 2355 685 2392 apologia
703 2356 875 2391 germanica.
919 2355 986 2382 Vid.
1010 2364 1054 2391 ep.
1075 2355 1111 2381 ad
1135 2353 1281 2383 Camerar.
1305 2355 1332 2382 d.
1360 2356 1385 2381 1.
1410 2354 1469 2382 Ian.
1497 2354 1585 2382 1533.

1016 2471 1172 2503 ANNO
1212 2471 1336 2503 1533.

368 2548 438 2576 Mel.
461 2549 547 2577 mittit
570 2547 736 2577 camerario
760 2549 942 2578 Psalmorum
966 2550 1152 2587 hypotheses.
