2299 2921
164 97 228 130 373
640 96 677 128 11.
711 94 898 128 INDICES.
952 94 989 126 L.
1015 93 1155 126 INDEX
1179 93 1442 125 ORATIONUM
1466 93 1577 127 PHIL.
1602 94 1706 127 MEL.

165 192 235 221 Vita
256 191 431 229 Hieronymi
455 191 524 219 734.

165 235 213 264 De
236 234 358 262 maxilla
379 232 522 262 Simeonis
546 232 616 262 74⁶2.

164 277 213 306 De
235 277 312 305 dicto
335 276 433 304 Pauli:
457 275 540 303 Deus
563 279 607 303 est
628 279 680 303 etc.
703 274 774 303 746.

165 319 213 349 De
234 320 324 348 dicto:
347 319 475 347 Attende
496 318 614 346 lectioni
638 321 691 345 etc.
715 317 786 345 750.

165 362 331 391 Discrimen
354 361 505 390 Ecclesiae
527 364 556 388 et
577 360 691 397 imperii
712 359 811 387 mundi
834 359 905 388 758.

165 404 212 433 De
235 404 387 433 Dorothea
410 404 546 441 Principe
569 404 640 432 763.

166 447 213 475 De
235 447 328 475 dieto:
353 445 400 475 Sis
423 447 551 474 intentus
573 450 625 473 etc.
650 445 720 474 775.

165 489 213 518 De
236 488 364 517 Luthero
388 494 416 517 et
437 489 580 517 aetatibus
603 486 752 515 Ecclesiae
776 487 846 515 783.

166 531 214 560 De
235 532 327 560 tribus
348 532 457 559 farinae
479 531 550 560 satis
574 530 644 558 788.

166 574 215 603 De
237 575 326 603 dicto:
350 574 414 611 Ego
435 584 489 611 pro
512 577 540 601 te
563 572 642 601 oravi
661 576 715 599 etc.
740 571 810 600 793.

166 617 214 646 De
236 617 328 645 dicto:
351 617 442 644 Posui
464 616 552 644 verba
574 624 640 643 mea
663 619 717 642 etc.
741 614 812 643 799.

167 659 214 688 De
237 660 379 697 dignitate
400 659 470 686 artis
492 658 624 686 medicae
648 657 719 686 806.

167 702 214 731 De
238 702 340 730 studiis
363 701 509 728 literarum
534 710 593 729 non
617 700 782 728 deserendis
803 699 874 728 811.

166 745 214 773 De
236 744 345 772 Ioanne
367 743 599 780 Regiomontano
622 743 693 772 817.

166 787 214 815 De
238 787 296 814 vita
319 786 487 813 Avicennae
513 785 584 815 826.

166 828 213 857 De
236 827 366 865 Casparo
389 828 547 866 Crucigero
573 828 643 858 833.

166 870 214 899 De
236 871 329 899 dicto:
352 871 457 909 Typus
480 876 542 900 esto
567 876 619 899 etc.
645 871 716 899 841.

167 912 214 941 De
238 914 329 941 dicto:
353 913 461 941 Probet
484 914 682 951 unusquisque
706 917 759 942 etc.
784 912 854 941 848.

168 955 216 984 De
238 956 342 985 studiis
364 956 481 994 linguae
503 955 636 985 Graecae
660 956 732 985 855.

167 997 215 1027 De
235 999 330 1027 studio
352 999 472 1036 linguae
494 999 625 1027 Ebraeae
649 998 720 1027 867.

167 1040 215 1069 De
238 1041 483 1079 appellationibus
506 1051 613 1078 panum
638 1041 710 1069 877.

167 1083 215 1112 De
237 1085 318 1112 Mose
340 1084 462 1112 feriente
482 1089 593 1121 petram
617 1084 689 1112 883.

167 1125 215 1154 De
237 1126 328 1154 dicto:
352 1127 450 1161 Pater⁷
474 1126 623 1154 sanctifica
647 1135 697 1153 eos
716 1129 768 1152 etc.
795 1124 865 1154 889.

167 1166 215 1195 De
237 1169 328 1196 dicto:
352 1166 454 1196 Sermo
476 1167 584 1196 Christi
606 1168 717 1195 habitet
739 1171 792 1195 etc.
817 1167 887 1196 895.

168 1209 216 1238 De
237 1210 315 1238 dicto
337 1209 517 1238 Salomonis:
540 1210 643 1239 Nescit
665 1210 752 1237 homo
776 1214 828 1237 etc.
859 1209 917 1237 901

168 1251 217 1281 De
240 1253 332 1280 dicto:
355 1253 452 1281 Nemo
474 1254 568 1290 rapiet
591 1262 660 1281 oves
680 1257 734 1280 etc.
759 1253 830 1281 903.

169 1295 217 1323 De
239 1295 351 1332 legibus
375 1296 445 1324 908.

169 1337 216 1365 De
240 1338 335 1374 legum
358 1337 486 1365 fontibus
510 1343 536 1364 et
560 1337 656 1366 causis
680 1337 750 1367 916.

168 1379 216 1408 De
239 1380 404 1418 sympathia
427 1385 455 1408 et
478 1381 638 1417 antipathia
663 1380 733 1409 924.

168 1422 216 1451 Dc
238 1423 369 1450 doctrina
391 1423 512 1460 physica
535 1423 605 1452 932.

169 1464 215 1493 De
238 1466 371 1493 doctrina
393 1466 557 1494 anatomica
577 1466 647 1494 939.

169 1507 217 1535 De
242 1508 371 1544 partibus
393 1513 420 1535 ct
444 1508 570 1536 motibus
593 1508 689 1536 cordis
715 1509 785 1537 947.

170 1548 218 1578 De
240 1550 351 1578 Ioanne
373 1549 456 1579 Duce
479 1550 548 1579 Sax.
573 1551 663 1578 Elect.
690 1551 759 1580 954.

170 1592 320 1621 Fridcrico
344 1593 427 1621 Duce
449 1593 517 1622 Sax.
540 1593 631 1621 Elect.
657 1593 727 1622 962.

170 1634 218 1664 De
241 1636 363 1664 Matthia
386 1636 467 1673 Rege
490 1636 659 1673 Hungariae
683 1637 754 1665 976.

170 1678 218 1706 De
240 1679 408 1716 precatione
432 1679 501 1707 983.

169 1719 216 1748 De
239 1721 406 1750 definitione
429 1721 557 1749 iustitiae
581 1721 652 1750 992.

169 1763 216 1792 De
238 1762 389 1801 Capnione
412 1764 587 1792 Phorcensis
611 1765 684 1793 999.

169 1805 216 1834 De
237 1807 338 1834 ordine
360 1806 478 1843 politico
504 1808 594 1836 1011.

170 1848 217 1876 De
236 1849 332 1885 legum
353 1850 465 1877 iustitia
487 1850 575 1878 1016.

170 1890 217 1918 De
241 1891 412 1920 Eberhardo
436 1891 519 1919 Duce
544 1891 706 1921 Wurtemb.
735 1892 823 1922 1021.

171 1931 217 1961 De
241 1934 391 1962 nativitate
414 1933 523 1962 Christi
550 1935 638 1964 1030.

582 2027 647 2056 vol.
670 2027 740 2057 XII.

171 2103 218 2131 De
241 2103 387 2132 calumnia
409 2103 548 2133 Osiandri
574 2106 601 2133 5.

172 2145 219 2174 De
241 2147 405 2175 reverentia
426 2146 521 2184 legum
547 2147 592 2176 12.

1171 1865 1176 2164 „

1194 189 1241 218 De
1263 189 1404 225 dignitate
1425 189 1521 226 legum
1547 191 1594 219 19.

1194 232 1241 261 De
1262 232 1409 260 anatomia
1432 231 1482 261 27.

1194 274 1241 302 De
1263 275 1372 303 Misnia
1395 274 1444 303 34.

1194 317 1242 345 De
1264 316 1375 346 Orione
1398 317 1447 346 46.

1195 360 1242 387 De
1264 359 1413 388 Friderico
1436 358 1565 396 Landgr.
1588 359 1731 398 Thuring.
1758 359 1809 389 52.

1195 401 1241 430 De
1265 401 1378 440 Sibylla
1398 402 1535 439 Principe
1559 402 1608 431 61.

1195 443 1242 472 De
1266 443 1396 481 Georgio
1419 444 1515 473 Princ.
1539 444 1658 473 Anbalt.
1684 445 1733 474 68.

1195 486 1242 514 De
1265 487 1404 524 dignitate
1428 486 1597 526 Principum
1620 487 1713 516 Elect.
1738 488 1788 517 79.
1847 494 1853 497 ’

1195 528 1242 556 De
1265 529 1387 559 Hieron.
1410 528 1532 559 Schurff.
1558 531 1606 559 86.

1195 570 1244 599 De
1266 572 1330 609 lege
1354 572 1466 600 Placuit
1490 574 1539 602 95.

1196 612 1243 642 De
1266 619 1350 651 partu
1372 615 1424 642 filii
1447 614 1504 643 Dei
1530 616 1598 644 101.

1196 656 1244 684 De
1266 656 1405 685 fermento
1434 657 1502 687 107.

1196 699 1244 727 De
1267 704 1328 727 arte
1350 700 1463 727 medica
1484 701 1553 730 113.

1196 742 1244 770 De
1266 741 1375 770 Salinis
1398 741 1551 770 Saxonicis
1577 743 1646 773 119.

1195 784 1243 813 De
1265 785 1401 821 coniugio
1427 785 1495 814 127.

1196 827 1243 856 De
1265 827 1380 856 iudiciis
1402 827 1553 855 Ecclesiae
1578 828 1647 857 138.

1196 869 1243 898 De
1266 870 1431 898 discrimine
1452 870 1549 906 legum
1572 870 1754 907 politicarum
1781 870 1849 900 146.

1197 913 1244 941 De
1267 913 1408 949 dignitate
1431 913 1518 941 studii
1538 913 1610 940 iuris
1635 913 1704 942 152.

1197 955 1245 983 De
1269 960 1354 992 capta
1376 954 1631 992 Constantinopoli
1658 956 1727 984 153.

1197 997 1244 1026 De
1267 996 1374 1026 Schola
1396 997 1525 1026 Rostoch
1551 998 1620 1027 161.

1197 1040 1244 1068 De
1264 1041 1358 1068 causis
1381 1040 1599 1077 putrefactionis
1624 1041 1694 1069 173.

1198 1082 1244 1110 De
1267 1083 1326 1110 vita
1349 1087 1377 1110 et
1399 1083 1514 1120 scriptis
1537 1083 1626 1110 Plinii
1652 1083 1720 1112 182.

1198 1124 1244 1152 De
1266 1125 1346 1152 scala
1367 1124 1456 1152 Iacob
1482 1126 1550 1154 195.

1198 1166 1245 1194 De
1268 1166 1444 1194 Pontificum
1469 1167 1626 1195 ambitione
1649 1166 1720 1196 200.

1197 1208 1244 1237 De
1266 1209 1403 1246 pulmone
1425 1213 1453 1237 et
1475 1209 1510 1237 de
1533 1209 1699 1237 discrimine
1720 1210 1843 1238 arteriae
1868 1209 1938 1240 207.

1198 1252 1245 1280 De
1268 1261 1337 1280 cura
1359 1256 1436 1280 recte
1459 1251 1594 1289 loquendi
1618 1252 1688 1281 213.

1198 1294 1245 1323 De
1268 1295 1428 1323 medicinae
1450 1295 1600 1323 usu221.

1198 1337 1244 1365 De
1266 1337 1339 1365 febri
1362 1347 1420 1365 non
1444 1337 1592 1365 intermitt.
1618 1337 1687 1366 225.

1196 1380 1244 1408 De
1267 1380 1392 1408 Ernesto
1415 1380 1498 1408 Duce
1522 1380 1729 1408 Brnnsvicensi
1753 1380 1823 1410 230.

1197 1421 1242 1450 De
1261 1423 1364 1451 studiis
1387 1423 1490 1451 veteris
1508 1422 1713 1461 philosophiae
1734 1424 1803 1452 240.

1198 1465 1245 1493 De
1265 1465 1389 1495 Erasmo
1408 1465 1605 1494 Roterodamo
1630 1465 1700 1495 264.

1197 1507 1244 1536 De
1267 1509 1433 1545 aphorismo
1457 1508 1522 1535 VI20
1554 1508 1650 1537 Partis
1674 1508 1713 1538 ΙΙ.
1740 1508 1810 1538 271.

1199 1551 1245 1579 De
1269 1550 1416 1588 Gregorio
1440 1550 1571 1579 Nazianz
1593 1550 1663 1580 277.

1198 1593 1245 1622 De
1266 1594 1416 1622 Ludovico
1438 1594 1553 1622 Bavaro
1577 1594 1648 1623 286.

1198 1635 1245 1664 De
1268 1639 1328 1665 vita
1350 1637 1534 1674 Bngenhagii
1557 1637 1626 1665 295.

1199 1679 1246 1708 De
1267 1688 1427 1717 congressu
1450 1679 1628 1707 Bononiensi
1653 1679 1723 1708 307.

1200 1722 1246 1751 De
1268 1723 1502 1751 consideratione
1525 1724 1655 1760 corporis
1677 1722 1796 1751 hnmani
1820 1723 1891 1752 317.

1199 1766 1247 1793 An
1271 1766 1390 1794 virtutes
1411 1766 1468 1793 sint
1488 1765 1624 1793 habitus?
1649 1765 1718 1795 324.

1200 1808 1247 1836 De
1270 1806 1419 1836 Charitum
1442 1808 1686 1845 appellationibus
1710 1808 1781 1837 331.

1199 1850 1245 1878 De
1268 1852 1400 1879 arcendis
1423 1860 1441 1878 a
1464 1860 1557 1878 coena
1578 1859 1601 1878 s.
1625 1851 1697 1880 339.

1199 1893 1245 1921 De
1268 1894 1345 1922 dicto
1368 1893 1451 1922 Pauli
1473 1893 1580 1931 Ephes.
1603 1893 1656 1921 IV.
1681 1894 1752 1923 345.

1199 1935 1343 1974 Gregorio
1367 1937 1500 1964 Pontano
1525 1937 1595 1965 350.

1199 1979 1365 2016 Explicatio
1388 1979 1555 2016 Aphorismi
1574 1977 1670 2007 XLII.
1695 1979 1765 2008 360.

1198 2021 1245 2050 De
1268 2022 1400 2050 Ecclesia
1423 2020 1531 2049 Christi
1555 2021 1625 2051 365.

1198 2063 1245 2092 De
1269 2065 1346 2093 dicto
1368 2065 1389 2092 I.
1412 2064 1535 2102 Paralip.
1563 2065 1609 2093 17.
1635 2064 1705 2094 372.

1200 2107 1245 2135 De
1269 2108 1346 2136 dicto
1369 2107 1484 2136 Coloss.
1505 2107 1558 2134 111.
1585 2107 1654 2136 382.

1200 2151 1246 2178 De
1269 2151 1367 2188 lingua
1390 2151 1468 2178 hebr.
1492 2150 1629 2179 discenda
1653 2151 1722 2179 385.

2108 98 2177 131 374
