2299 2921
130 121 175 153 59

780 121 964 154 PHlLlPPl
987 121 1306 156 MELANTHONIS
1331 123 1491 156 OPERA.
2095 128 2139 160 6⁰

131 215 219 245 Febr.
268 217 296 245 8.
321 215 489 254 Spalatinus
513 218 700 246 concionatur
723 217 960 246 Schmalcaldiae.

269 260 298 288 9.
322 259 468 288 Lutherus
491 261 688 289 concionatur.

250 303 298 331 15.
322 302 410 331 Initia
432 309 590 331 conventus
614 302 843 331 Schmalcaldici.

247 345 295 373 20.
320 345 466 373 Lutherus
488 347 614 383 graviter
636 350 776 383 aegrotat.
808 345 976 373 Melanthon
1001 345 1116 374 litteras
1139 347 1240 375 scribit
1261 348 1298 376 ad
1318 345 1484 384 Sturtzium,
1508 349 1663 385 Medicum,
1687 355 1718 378 ut
1737 360 1824 388 quam
1847 351 1985 379 citissime
2003 349 2137 380 Schmal—

355 388 478 416 caldiam
502 389 607 416 veniat.

247 430 298 458 23.
322 431 519 458 Melanthonis
542 431 680 468 scriptum
703 431 738 457 de
761 435 904 467 potestate
925 430 1032 468 Papae.

248 473 297 501 24.
320 473 463 509 Theologi
486 474 534 509 qui
557 474 668 507 adsunt,
692 473 779 500 etiam
800 473 941 508 Bucerus,
964 474 1150 502 subscribunt
1172 476 1302 503 articulis
1325 474 1581 512 Schmalcaldicis,
1603 478 1673 505 item
1697 479 1885 516 Augustanae
1906 479 2082 508 confessioni
2105 484 2134 508 et

355 516 508 552 apologiae
532 516 602 543 eius.

320 557 480 595 Theologi,
514 558 701 585 Melanthone
728 558 900 596 interprete,
934 564 1036 596 petunt
1064 569 1082 587 a
1110 560 1310 598 Principibus,
1338 566 1369 589 ut
1397 562 1474 590 bona
1502 562 1701 591 ecclesiastica
1729 564 1759 591 in
1783 573 1867 592 nsum
1896 564 2082 593 ecclesiarum
2106 569 2136 592 et

354 600 518 628 scholarum
541 601 718 637 impendant.

243 643 292 671 26.
314 643 460 672 Lutherus
478 643 649 680 gravissime
666 643 801 672 laborans
816 643 938 678 calculo,
957 653 1042 672 curru
1057 645 1171 673 vehitur
1191 646 1221 673 in
1236 647 1374 683 oppidum
1387 646 1545 682 Tambach,
1569 648 1618 676 ubi
1634 652 1794 685 pernoctat,
1818 653 1845 677 et
1862 659 1893 677 se
1913 649 2017 677 melius
2035 648 2133 679 habet.

245 686 294 714 27.
318 685 462 714 Lutherus
485 690 638 723 pernoctat
660 685 789 721 Gothae,
812 692 839 714 et
862 687 921 715 edit
942 696 996 715 sex
1020 688 1147 716 calculos
1174 689 1385 726 propemodum
1408 690 1491 717 fabae
1514 691 1722 728 magnitudine.

247 728 296 757 28.
320 728 466 756 Lutherus
489 729 612 757 discedit
634 727 742 757 Gotha.

131 772 216 801 Mart.
274 773 299 799 1.
321 772 387 799 Mel.
411 770 580 800 Camerario
603 776 703 800 narrat
725 781 771 800 res
794 772 823 800 in
848 777 991 800 conventu
1014 778 1119 810 gestas.

269 815 296 842 3.
320 814 393 842 Item
417 814 516 849 Ionae,
539 820 567 842 et
589 815 682 842 addit:
708 814 847 851 „Utinam
870 825 915 843 me
938 816 1015 844 domi
1039 816 1138 853 aliqua
1161 817 1331 845 saevissima
1354 817 1440 846 febris
1463 818 1659 847 retinuisset.“

320 857 516 894 Responsum,
540 856 657 886 Oratori
680 857 825 892 caesaris,
850 858 970 894 Heldto,
994 859 1120 887 dandum
1144 859 1234 887 latine
1256 861 1350 889 vertit.

268 900 295 928 4.
318 900 489 927 Melanthon
511 900 548 927 ad
571 900 688 928 Ionam:
714 911 779 937 „me
800 901 849 929 hic
870 906 1025 929 tenuerunt
1047 903 1220 940 scriptiones
1243 903 1396 939 quaedam.
1441 903 1563 931 Praeter
1586 904 1645 932 alia
1665 908 1837 942 argumenta
1859 905 2027 942 exemplum
2047 905 2134 933 etiam

352 943 389 970 ad
410 942 507 980 Reges
535 944 680 971 delineavi
709 944 744 971 de
767 945 951 972 recusatione
980 945 1111 980 concilii,
1140 946 1218 983 quod
1247 955 1311 974 cum
1335 946 1509 984 Vitebergae
1534 947 1667 982 edemus,
1699 957 1716 975 a
1738 952 1767 975 te
1790 947 1996 984 expoliendum
2019 947 2135 976 et-illu-

355 986 524 1016 minandum
548 987 631 1014 erit.“

269 1028 297 1057 5.
321 1027 472 1065 Principes
495 1029 635 1057 foederati
658 1030 869 1057 recusationem
900 1030 1014 1058 concilii
1037 1031 1174 1068 scriptam
1199 1032 1316 1059 tradunt
1338 1031 1434 1069 legato
1458 1032 1613 1060 Pontificio
1638 1037 1666 1060 et
1687 1031 1804 1060 Oratori
1826 1030 1970 1061 Caesaris.
1993 1049 2036 1053 —-
2064 1032 2135 1062 Dux

355 1070 466 1100 Saxon.
490 1071 607 1100 Elector
635 1076 661 1099 et
684 1071 886 1109 Landgravius
908 1072 1034 1102 Hassiae
1059 1073 1187 1108 litteras,
1216 1074 1405 1102 Melanthone
1428 1075 1595 1112 interprete,
1624 1075 1753 1103 scribunt
1777 1076 1814 1103 ad
1839 1085 1938 1113 regem
1961 1074 2077 1104 Galliae
2099 1076 2135 1104 de

352 1114 468 1142 foedere
493 1119 520 1142 et
542 1115 577 1142 de
600 1113 728 1152 Synodo.

269 1157 296 1186 6.
321 1156 491 1185 Melanthon
513 1158 568 1185 iter
590 1158 751 1195 ingreditur
773 1158 900 1186 domum.

248 1200 296 1228 13.
319 1199 387 1228 Mel.
411 1205 454 1228 est
476 1199 627 1228 Grimmae
651 1211 715 1229 cum
739 1200 878 1229 Luthero.

246 1243 294 1271 14.
318 1243 386 1272 Mel.
412 1247 439 1270 et
461 1243 608 1271 Lutherus
631 1244 747 1272 domum
771 1244 898 1271 veniunt.

248 1286 295 1313 15.
320 1285 385 1312 Mel.
409 1287 494 1314 mittit
517 1287 727 1314 oratiunculam
749 1287 784 1314 de
808 1286 967 1314 Aristotele
990 1295 1082 1323 nuper
1100 1287 1130 1314 in
1154 1288 1335 1324 promotione
1357 1287 1495 1315 habitam.

249 1328 297 1355 25.
322 1328 456 1365 Epistola
478 1329 514 1356 ad
536 1329 649 1366 Regem
668 1329 882 1356 Ferdinandum
907 1330 942 1357 de
965 1329 1147 1357 recusatione
1170 1330 1295 1364 concilii,
1317 1331 1475 1367 interprete
1498 1329 1694 1358 Melanthone.

131 1370 229 1409 April.
252 1369 299 1399 12.
322 1371 390 1399 Mel.
413 1372 450 1399 ad
473 1371 686 1400 Camerarium:
719 1371 802 1408 „Ego
834 1377 862 1400 et
884 1372 1068 1400 scholasticis
1095 1372 1244 1400 laboribus
1273 1376 1301 1400 et
1321 1373 1386 1401 aliis
1409 1373 1556 1402 conficior.
1582 1390 1623 1394 —-
1652 1373 1700 1400 Me
1721 1372 1796 1401 istuc
1823 1373 2018 1410 (Tubingam)
2045 1373 2136 1402 vestri

354 1414 501 1442 attrahere
530 1416 626 1443 conati
655 1420 735 1450 sunt,
765 1415 816 1442 sed
839 1415 947 1443 haereo
969 1415 1030 1450 hic,
1061 1416 1159 1443 nescio
1183 1416 1288 1453 quibus
1311 1416 1435 1444 vinculis
1456 1416 1631 1454 implicitus,
1655 1420 1699 1451 et,
1727 1420 1760 1444 ut
1787 1416 1882 1444 dicam
1911 1416 1988 1453 quod
2011 1424 2059 1445 res
2081 1421 2135 1452 est,

353 1457 461 1485 invitus
484 1457 619 1486 haereo.“

186 1500 224 1528 14
237 1507 300 1536 sqq.
323 1498 467 1528 Cordatus
490 1501 586 1537 pergit
608 1501 637 1528 in
662 1501 824 1528 accusando
847 1500 1033 1529 Melanthone
1057 1506 1085 1529 et
1107 1499 1274 1539 Crucigero.

247 1541 297 1570 22.

130 1585 200 1613 Mai.
270 1586 282 1612 1

270 1670 298 1699 2.

268 1714 286 1741 5

321 1542 388 1570 Mel.
412 1542 545 1580 Lipsiam
568 1543 605 1571 ad
626 1544 771 1571 nundinas
795 1544 997 1580 proficiscitur,
1022 1548 1051 1572 et
1071 1544 1111 1572 ibi
1134 1549 1232 1572 manet
1253 1553 1346 1582 usque
1368 1545 1405 1572 ad
1428 1545 1454 1572 d.
1481 1544 1507 1572 2.
1531 1544 1610 1572 Maii.

289 1607 295 1614 .
318 1585 387 1614 Mel.
410 1586 557 1623 epitomen
580 1586 738 1615 ethicorum
762 1585 882 1614 Cratoni
904 1586 1023 1624 Lipsiae
1044 1588 1094 1615 dat
1117 1588 1331 1623 excudendum,
1353 1587 1483 1624 illudque
1508 1587 1585 1615 dieat
1604 1586 1769 1616 Christiano
1788 1587 1989 1615 Pontano.—
2007 1586 2136 1614 Ioanne·

353 1637 370 1655 a
392 1627 487 1656 Lasco
511 1633 555 1657 est
575 1628 702 1666 Lipsiae.

321 1670 389 1700 Mel.
413 1671 489 1699 redit
511 1672 707 1709 Vitebergam.

291 1734 298 1740 .
322 1713 462 1751 Princeps
492 1714 609 1743 Elector
643 1724 696 1752 per
725 1714 891 1743 Pontanum
921 1715 1065 1750 sciscitat,
1100 1725 1138 1744 an
1168 1725 1267 1744 verum
1296 1716 1348 1750 sit,
1378 1715 1456 1752 quod
1478 1715 1648 1743 Melanthon
1676 1716 1790 1744 dicatur
1818 1725 1835 1743 a
1858 1714 1989 1743 doctrina
2010 1713 2135 1743 Lutheri

354 1757 511 1784 discedere.

319 1798 393 1826 Fere
421 1800 448 1827 d.
482 1801 530 1827 11.
559 1800 630 1827 Maii
652 1800 720 1828 Mel.
755 1801 946 1837 proficiscitur
979 1801 1015 1828 ad
1043 1801 1211 1836 Albertum,
1240 1801 1440 1830 Marchionem
1463 1801 1703 1838 Brandenburg.,
1732 1801 1889 1829 accersitus
1917 1806 1949 1828 ut
1977 1800 2013 1828 de
2034 1800 2135 1828 schola

357 1841 606 1870 Francofordiana
628 1843 806 1871 instituenda
827 1843 974 1871 deliberet.

247 1884 297 1913 28.
321 1884 390 1911 Mel.
414 1885 516 1913 indicit
538 1886 749 1913 enarrationem
774 1886 1002 1914 Phoenissarum
1025 1886 1184 1923 Euripidis.

131 1926 196 1955 Iun.
272 1929 296 1957 1.
319 1926 444 1954 Enarrat
467 1929 599 1964 quintum
622 1928 726 1956 librum
751 1929 919 1956 ethicorum.

249 1971 297 1999 13.
322 1970 427 1997 Indicit
450 1971 661 1998 enarrationem
685 1972 825 1999 orationis
849 1970 1056 2000 Demosthenis
1078 1972 1115 1999 de
1138 1981 1256 2000 corona.

249 2014 296 2041 19.
320 2012 448 2050 Elegans
471 2011 600 2041 Sadoleti
623 2014 746 2050 epistola
766 2015 801 2042 ad
824 2014 1051 2042 Melanthonem.

246 2055 296 2083 22.
319 2055 366 2083 De
390 2056 621 2084 adversariorum
645 2065 763 2084 suorum
790 2057 1051 2085 machinationibus
1082 2057 1180 2084 scribit
1208 2057 1244 2084 ad
1268 2057 1368 2084 Vitum
1392 2057 1594 2092 Theodorum,
1624 2067 1709 2094 quem
1732 2057 1878 2091 hortatur,
1909 2060 1941 2084 ut
1967 2055 2074 2085 scribat
2096 2056 2133 2084 de

354 2099 534 2135 poenitentia
557 2104 658 2127 contra
679 2099 833 2127 Mustelam
856 2100 1065 2137 promittitque,
1089 2109 1120 2128 se
1144 2101 1170 2127 ei
1193 2100 1404 2128 delineaturum
1427 2109 1490 2127 esse
1513 2109 1654 2128 summam
1678 2100 1782 2137 operis.

132 2140 186 2169 Iul.
251 2142 298 2169 10.
323 2140 463 2178 Cruciger
486 2142 628 2179 prolixius
651 2142 752 2170 scribit
774 2143 810 2170 de
829 2143 956 2171 dissidiis
976 2143 1005 2170 in
1029 2143 1179 2170 academia
1202 2143 1297 2170 Viteb.

250 2185 296 2212 13.
321 2183 440 2212 Retexit
462 2184 616 2222 Physicen.
642 2203 680 2206 —
706 2185 848 2213 Informat
871 2186 940 2213 Vito
963 2185 1118 2213 Theodoro
1141 2186 1364 2222 disputationem
1389 2186 1424 2213 de
1448 2185 1637 2222 poenitentia.

249 2227 296 2254 16.
320 2225 420 2263 Surgit
442 2237 534 2255 novus
559 2229 749 2256 calumniator
773 2228 967 2256 Melanthonis
991 2228 1113 2256 Iacobus
1136 2227 1284 2262 Schenck,
1310 2228 1524 2265 Fribergensis,
1552 2229 1602 2266 qui
1625 2227 1775 2266 epistolam
1796 2236 1814 2255 a
1836 2226 1903 2255 Mel.
1924 2231 2074 2264 acceptam
2096 2226 2133 2255 de

356 2279 410 2297 usu
432 2271 562 2307 integrae
584 2280 683 2299 sacrae
707 2280 814 2298 coenae.
835 2272 871 2298 ad
894 2272 989 2299 aulam
1013 2270 1157 2308 Principis
1180 2272 1324 2300 Electoris
1345 2272 1471 2300 miserat.

133 2312 210 2349 Aug.
272 2314 296 2340 1.
320 2313 367 2340 Ad
390 2313 543 2341 Eobanum
566 2313 693 2342 Hessum
717 2314 815 2341 scribit
838 2315 874 2342 de
895 2314 1036 2352 dignitate
1058 2313 1190 2351 poeseos.

274 2355 300 2383 5.
321 2354 474 2383 Praefatur
496 2357 526 2383 in
550 2356 750 2394 Alfi-aganum.

247 2397 296 2425 21.
321 2398 520 2426 Proficiscitur
541 2399 677 2427 Islebiam
701 2403 729 2427 et
748 2397 940 2436 Stolbergam.

249 2439 298 2468 25.
322 2439 493 2478 Stolbergae
513 2446 565 2470 est.
590 2460 627 2463 —-
649 2441 838 2478 Incipiunt
859 2441 1038 2479 epistolae
1061 2442 1103 2469 ad
1126 2442 1202 2470 Nic.
1226 2442 1434 2470 Medlerum.

134 2479 214 2519 Sept.
252 2483 298 2511 18.
322 2483 391 2511 Mel.
416 2484 452 2511 ad
475 2484 574 2512 Vitum
597 2485 801 2513 Theodorum:
827 2484 922 2520 „Filia
944 2494 1008 2512 mes.
1030 2485 1144 2521 (Anna)
1168 2486 1238 2513 satis
1260 2485 1381 2513 feliciter
1404 2485 1516 2522 peperit
1537 2483 1694 2522 puellam.“
1722 2500 1762 2505 —
1785 2483 1951 2520 „Vocamur
1973 2483 2009 2511 ad
2036 2484 2134 2512 dicen-

359 2527 424 2553 dam
448 2536 563 2555 causam
588 2528 638 2561 (de
661 2527 813 2555 calumniis
825 2526 995 2563 Schenckii)
1017 2527 1105 2556 Ionas
1130 2532 1156 2555 et
1175 2530 1257 2565 ego.“
1283 2544 1324 2548 ——
1347 2527 1513 2557 Islebius
1535 2531 1656 2555 renovat
1669 2536 1750 2555 suam
1766 2527 1802 2555 de
1819 2527 1883 2565 lege
1901 2526 2133 2564 disputationem,

359 2573 386 2596 et
410 2574 506 2606 negat,
529 2571 560 2597 in
582 2580 659 2598 novo
683 2574 854 2598 testamento
878 2570 968 2598 ullam
991 2570 1083 2608 legem
1107 2571 1266 2599 docendam
1287 2579 1358 2599 esse.
