2299 2921
159 167 205 201 23

164 264 258 303 April.
301 264 328 293 2.

807 167 994 201 PHlLlPPI
1015 167 1336 200 MELANTHONlS
1360 168 1520 202 OPERA.
2125 174 2169 207 24

347 264 474 293 vitum
497 264 726 293 Theodorum
749 264 933 293 commendat
956 263 1196 301 Baumgartnero.

354 307 448 336 Valde
471 307 551 335 dolet
572 307 608 335 de
631 307 829 335 controversia
851 307 925 334 inter
947 306 1103 334 Erasmum
1126 311 1154 334 et
1176 305 1336 334 Lutherum
1359 312 1469 337 exorta.

250 351 330 388 (10.)
352 350 481 387 Torgam
505 350 707 387 proficiscitur,
730 354 761 377 ut
784 354 974 377 commeatum
997 349 1034 377 ad
1056 350 1114 377 iter
1135 348 1375 387 Norinbergense
1398 350 1453 378 sibi
1475 355 1580 388 pcteat.

164 393 232 422 Mai.

165 478 229 508 Iun.
306 480 334 507 4.

352 392 476 421 Ineunte
499 393 577 420 Maio
601 392 794 429 proficiscitur
816 391 1031 428 Norinbergam
1055 401 1120 420 cum
1144 392 1221 420 Mica
1244 396 1273 420 et
1292 392 1418 428 secerio,
1440 394 1539 431 ibique
1567 395 1719 424 divertitur
1742 397 1778 425 ad
1804 397 1998 435 Aegidianum
2021 402 2169 428 monaste·

388 436 471 464 rium.
495 451 537 455 —
559 433 662 463 Oratio
686 434 752 462 Mel
776 435 815 463 ibi
834 435 933 462 habita
956 434 1061 472 legitur
1083 435 1113 463 in
1138 434 1533 465 eiusd.Declama1i0nibus.

358 478 392 506 In
415 478 506 506 reditu
528 477 632 505 iteium
655 481 707 512 est,
732 481 760 504 et
783 477 912 515 Coburgi
933 478 1110 515 colloquitur
1133 488 1197 506 cum
1221 479 1369 507 sacerdote
1392 479 1428 507 de
1447 488 1530 508 sacra
1551 489 1652 510 coena.

388 521 486 548 Medio
510 519 593 547 lunio
617 519 676 547 fere
699 520 780 548 venit
802 521 930 548 domum.

352 564 477 591 Enarrat
498 562 704 590 Demosthenis
727 563 886 591 orationem
909 568 1010 592 contra
1032 564 1276 600 Aristogitonem,
1296 573 1383 601 quam
1404 566 1490 593 vertit
1512 566 1602 594 latine
1625 570 1653 594 et
1675 571 1776 603 postea
1798 567 1896 595 edidit.

327 627 333 633 .
358 606 442 642 „Ego
466 615 560 633 meam
581 603 766 642 διαλεκτικήν
789 607 937 644 perpoli03
960 615 1037 634 nunc
1061 607 1137 634 enim
1161 607 1258 644 pueris
1279 607 1351 635 meis
1374 608 1485 637 trado.“
1533 609 1729 638 Enarraturus
1752 614 1795 638 est
1817 609 2014 638 Theocritum.

323 671 329 678 .
354 648 504 677 Psalmum
527 648 668 685 quintum,
691 649 741 685 qui
762 649 864 686 incipit
889 649 1114 685 „Iubilate“,
1137 648 1227 677 latine
1250 650 1343 680 vertit.

350 690 480 719 Libellus
503 691 666 720 officiorum
688 691 795 729 prodit.

283 736 295 763 l
323 758 329 764 .
351 734 458 762 Misere
480 734 565 762 valet.

164 605 225 640 Iuh
307 607 323 634 2

301 650 319 676 4

300 692 327 720 8.

302 734 319 762 2

164 778 241 815 Aug.
301 776 318 805 2

164 861 242 901 Sept.
302 864 328 891 7.

285 948 333 976 30.

163 1074 228 1104 Oct.
279 1076 326 1104 31.

164 1117 240 1147 Nov.
279 1119 326 1147 22.

163 1330 223 1359 Ian.

276 1416 324 1444 ⁶23.

161 1459 246 1487 Febr.
276 1460 325 1487 26.

160 1502 243 1530 Mart.
278 1503 325 1530 14.

160 1588 228 1617 Mai.
296 1588 324 1615 6.

276 1631 323 1659 12.

160 1674 222 1702 Iun.
297 1674 324 1702 ⁴2.

277 1803 313 1832 18

160 1973 213 2002 Iul.
298 1974 326 2001 5.

156 2144 235 2182 Aug.

291 2188 318 2216 9.

271 2229 320 2258 20.

275 2486 323 2515 31.

323 799 329 805 .
355 775 508 813 „Decubui
531 786 644 805 summo
667 786 732 804 cum
755 776 884 814 periculo
907 777 969 806 dies
991 777 1056 814 plus
1078 776 1151 812 XII,
1174 777 1267 815 deque
1289 786 1355 805 mea
1378 778 1437 806 vita
1459 787 1518 806 non
1540 778 1603 816 ipse
1626 784 1737 808 tantum
1766 780 1818 808 sed
1842 786 1869 819 et
1892 780 2020 809 medicus
2042 781 2100 810 iam
2119 781 2168 810 de-

387 829 401 847 s
424 821 548 848 e1·arat.“

353 830 563 890 Depdodrante
588 862 700 898 prolixe
723 862 823 890 scribit
845 863 882 890 ad
905 862 1114 898 Camerarium,
1138 863 1290 899 eidemque
1312 867 1420 899 narrat,
1444 873 1494 891 cur
1516 863 1557 892 Io.
1581 864 1722 902 Agricola
1743 864 1799 893 sibi
1822 869 1882 894 tam
1904 866 2026 895 infestus
2049 868 2096 895 sit.

353 903 460 933 Scribit
482 905 518 932 ud
538 904 718 942 Philippum,
742 904 854 942 Landg.
878 905 980 940 Hass,
1002 906 1037 933 de
1061 906 1249 934 emendandis
1273 906 1372 934 sacris.

356 948 509 985 Philippus
531 947 661 985 Lipsiam
683 948 719 975 ad
744 949 890 976 nundinas
914 948 1070 985 profectus,
1094 949 1162 976 inde
1179 958 1279 977 mense
1292 948 1413 977 Octobri
1431 948 1641 984 Nordhusiam,
1665 949 1868 978 Mansfeldiam
1892 955 1920 979 et
1944 949 2080 980 Islebiam
2103 961 2169 990 pro-

387 991 536 1025 ficiscitur,
560 1000 625 1019 cum
649 991 802 1018 comitibus
826 991 957 1019 Milichio
981 996 1009 1019 et
1030 991 1146 1021 Sabino.

354 1033 420 1061 Hoc
444 1043 542 1061 mense
563 1034 592 1061 in
616 1033 667 1061 illo
690 1034 793 1061 itinere
814 1039 954 1063 versatur.

350 1076 405 1104 Est
424 1075 557 1105 Islebiae.
603 1076 771 1113 Agricolam
795 1077 904 1105 studuit
927 1077 1033 1111 videre,
1057 1077 1107 1114 qui
1130 1086 1198 1105 vero
1221 1077 1340 1112 abierat,
1364 1087 1457 1114 neque
1481 1087 1545 1106 cum
1570 1078 1636 1106 Mel.
1663 1078 1835 1107 convenisse
1859 1079 1980 1108 videtur.

349 1118 497 1147 Lutherus
520 1119 568 1148 Pr.
594 1119 759 1148 Eiectorem
783 1120 923 1154 hortatur,
951 1125 982 1148 ut
1004 1124 1092 1155 curet,
1115 1125 1147 1148 ut
1171 1120 1320 1148 Ecclesiae
1344 1121 1506 1150 visitentur.

353 1161 418 1190 Hoc
443 1172 519 1190 anno
543 1162 610 1190 Mel.
635 1162 781 1199 praefatur
802 1163 831 1190 in
856 1162 977 1200 Georgii
1001 1163 1120 1191 Maioris
1144 1163 1285 1191 Iustinum
1309 1163 1431 1198 editum,
1455 1168 1482 1191 et¹
1504 1163 1646 1191 Iudicium
1669 1164 1768 1192 scribit
1791 1165 1827 1193 de
1849 1165 1940 1193 Missa
1962 1170 1990 1192 et
2012 1165 2167 1196 coelibatu.

1009 1263 1164 1295 ANNO
1203 1263 1326 1294 1527.

353 1331 474 1358 Ineunte
497 1331 559 1360 Ian.
584 1332 775 1368 proficiscitur
796 1332 938 1369 Lipsiam.

351 1373 417 1401 Hoc
441 1383 539 1401 mense
563 1373 723 1411 Georgium
747 1375 887 1403 Maiorem
910 1376 1092 1403 commendat
1111 1373 1272 1412 spalatino.

348 1417 487 1444 Pertenui
510 1417 675 1444 valetudine
696 1418 786 1445 utitur
805 1422 833 1445 ct
851 1418 1005 1455 diligentia
1027 1427 1061 1446 ac
1083 1418 1119 1458 τῇ
1140 1419 1233 1457 λεπτῇ
1255 1415 1354 1458 διαίτῃ
1373 1427 1405 1446 se
1427 1422 1578 1446 sustentat.

350 1459 518 1487 Camerario
541 1459 655 1495 fatetur,
679 1469 710 1488 sc
734 1461 762 1488 in
786 1459 918 1489 Saxonia
941 1470 994 1489 nec
1016 1462 1167 1489 commode
1189 1471 1243 1489 nec
1266 1462 1342 1489 inter
1364 1462 1473 1490 amicos
1497 1462 1601 1490 vivere.

349 1502 383 1529 In
407 1502 503 1529 aulam
527 1508 670 1540 properat,
694 1508 725 1531 ut
747 1504 905 1532 intercedat
928 1514 982 1541 pro
1004 1504 1093 1532 fratre
1116 1502 1287 1540 Camerarii,
1309 1504 1503 1543 Hieronymo,
1527 1504 1563 1532 ab
1576 1504 1723 1542 Episcopo
1735 1504 1947 1542 Bambergensi
1969 1506 1999 1534 in
2023 1515 2166 1535 carcerem

385 1546 525 1573 coniecto.

348 1588 444 1615 Roma
466 1592 649 1625 expugnatur
672 1588 708 1615 ab
732 1590 861 1617 exercitu
885 1588 984 1618 Caroli
1005 1589 1203 1627 Imperatoris.
1227 1607 1266 1611 -—
1291 1590 1513 1619 Pomeranus
1535 1590 1699 1627 periculose
1721 1594 1861 1626 aegrotat.

348 1631 549 1659 Proficiscitur
571 1631 700 1668 Lipsiam
722 1632 752 1660 in
775 1633 930 1660 nundinas.

346 1674 465 1711 Torgae
488 1679 532 1702 est
553 1674 583 1702 in
607 1675 717 1712 nuptiis
740 1675 859 1704 Ioannis
882 1675 1032 1710 Friderici,
1056 1675 1149 1704 Ducis
1172 1674 1281 1705 saxon.
1304 1680 1334 1704 et
1355 1674 1493 1714 Sibyllae.
1538 1675 1583 1703 Ibi
1607 1675 1679 1703 vidit
1701 1675 1825 1712 primum
1849 1674 2167 1713 Heresbachium,

383 1717 419 1745 ad
443 1726 528 1754 quem
551 1722 653 1754 postea
676 1727 764 1755 saepe
787 1719 912 1756 scripsit,
933 1719 1098 1755 ibidemque
1116 1729 1134 1746 a
1152 1717 1292 1757 Georgio,
1316 1718 1400 1747 Duce
1420 1717 1500 1754 Sax.,
1520 1719 1685 1755 impetravit
1707 1718 1805 1746 literas
1829 1719 1864 1746 ad
1883 1717 2061 1756 Episcopum
2079 1719 2167 1748 Bam-

382 1760 552 1797 bergensem
577 1770 629 1797 pro
653 1759 779 1789 Camerii
803 1762 890 1789 fratre
914 1762 1029 1799 captivo
1052 1764 1186 1800 scriptas.

316 1824 322 1830 .
346 1802 494 1840 Incipiunt
516 1803 657 1840 epistolae
677 1804 714 1831 ad
737 1804 795 1842 My
805 1805 909 1832 coniu
919 1815 955 1832 m.

349 1845 419 1873 Edit
440 1846 552 1873 scholia
573 1846 603 1873 iu
627 1847 709 1883 epist.
734 1847 770 1874 ad
793 1846 993 1881 Colossenses,
1017 1853 1102 1875 antea
1119 1847 1227 1875 dictata
1249 1848 1278 1874 in
1301 1846 1419 1881 scholis,
1444 1856 1536 1883 eaque
1559 1847 1637 1874 dicat
1658 1845 1875 1875 Drachstadtio.

349 1887 503 1916 Praefatur
525 1888 554 1916 in
577 1888 682 1916 librum
705 1889 762 1918 Iac.
786 1889 912 1917 Fontani
941 1890 976 1917 de
1000 1890 1076 1918 bello
1099 1890 1215 1918 Rhodio
1237 1890 1273 1917 ad
1296 1889 1433 1926 Archiep.
1458 1890 1677 1926 Moguntinum,
1701 1899 1785 1926 quem
1808 1889 1893 1917 simul
1915 1891 2041 1927 graviter
2063 1891 2163 1920 admo-

383 1936 433 1958 net
456 1931 491 1958 de
515 1932 669 1959 concordia
690 1932 719 1959 in
744 1931 905 1960 Germania
928 1932 1062 1960 facienda
1085 1937 1113 1960 et
1136 1933 1171 1960 de
1195 1933 1403 1970 componendis
1427 1933 1632 1961 controversiis
1657 1933 1870 1961 ecclesiasticis.

350 1973 548 2002 Proficiscitur
566 1974 734 2001 Melanthon
756 1975 786 2002 in
805 1975 997 2012 Thuringiam
1016 1976 1054 2003 ad
1075 1976 1234 2003 w'sitandas
1257 1976 1395 2003 ecclesias
1416 1976 1496 2004 iussu
1515 1976 1661 2012 Principis
1680 1975 1832 2004 Electoris.
1869 1974 1974 2004 Secum
1996 1976 2077 2005 ducit
2093 1986 2163 2014 pue-

380 2025 438 2051 ros,
463 2026 536 2053 quos
558 2017 739 2052 instituebat,
761 2017 915 2045 Erasmum
939 2018 1087 2046 Ebnerum
1109 2023 1137 2045 et
1160 2018 1299 2046 Ioannem
1323 2018 1515 2055 Vangionem.

347 2058 448 2086 Mense
470 2059 545 2087 Iulio
566 2064 594 2087 et
616 2059 734 2087 ineunte
756 2061 891 2097 Augusto
915 2061 1083 2089 versabatur
1106 2061 1135 2088 in
1156 2061 1346 2098 inspectione.
1392 2060 1476 2089 Uxor
1499 2071 1564 2089 cum
1587 2061 1687 2089 liberis
1710 2065 1855 2089 manserat
1878 2061 2062 2100 Vitebergae,
2087 2072 2162 2100 quae

380 2102 448 2129 urbs
472 2111 490 2129 a
512 2107 594 2139 peste
618 2103 744 2139 graviter
768 2103 939 2137 vexabatur,
962 2114 979 2131 a
1002 2113 1060 2141 qua
1083 2105 1168 2132 etiam
1192 2104 1299 2132 ancilla
1322 2104 1422 2132 uxoris
1446 2105 1513 2132 Mel.
1539 2108 1674 2141 correpta
1697 2104 1826 2132 extincta
1848 2108 1900 2133 est.

344 2145 506 2172 Academia
527 2145 745 2182 Vitebergensis
768 2146 804 2173 ob
829 2151 938 2182 pestem
958 2147 1134 2175 dissolvitur.
1181 2147 1264 2174 Multi
1284 2147 1450 2175 scholastici
1472 2147 1571 2175 Ionam
1595 2147 1723 2176 veniunt.

343 2187 512 2215 Melanthon
537 2197 574 2215 ex
598 2188 763 2215 visitatione
788 2189 866 2216 venit
888 2189 998 2224 lenam,
1021 2190 1118 2226 ibique
1141 2190 1225 2217 docet
1248 2190 1436 2218 scholasticos
1460 2190 1607 2227 dispersos
1632 2190 1681 2226 qui
1704 2199 1737 2218 eo
1760 2189 1971 2217 confluxerant.

344 2229 491 2258 Lutherus
514 2230 550 2257 ad
574 2230 811 2259 Hausmannum:
860 2231 1047 2269 „Philippum
1072 2238 1259 2269 expectamus
1280 2233 1359 2261 omni
1382 2233 1458 2261 die.“
1508 2233 1630 2269 Videtur
1653 2232 1822 2260 Melanthon
1846 2232 1986 2259 familiam
2010 2241 2092 2261 suam
2116 2242 2163 2261 ac-

381 2282 493 2301 cersere
517 2274 657 2307 voluisse,
693 2274 779 2310 idque
806 2274 908 2302 fecisse
931 2275 1032 2302 diebus
1054 2276 1080 2303 d.
1106 2275 1255 2304 23—27.
1279 2277 1354 2312 Aug.
1400 2275 1478 2303 Nam
1500 2275 1648 2303 Lutherus
1676 2276 1713 2303 ad
1745 2277 1770 2303 1.
1795 2273 1874 2312 Sept.
1903 2275 1941 2302 ad
1962 2275 2162 2313 Viscampium

380 2316 494 2343 scribit:
543 2316 727 2352 „Philippi
751 2326 845 2345 uxor
868 2326 942 2345 cum
966 2318 1046 2355 ipso
1070 2318 1176 2346 abest
1199 2327 1277 2346 cum
1303 2318 1528 2347 Academiam
1575 2317 1623 2347 Sic
1648 2319 1722 2346 mim
1752 2318 1907 2355 legendum
1929 2322 1987 2353 est,
2023 2328 2097 2354 non,
2130 2322 2162 2347 ut

381 2359 488 2386 editum
510 2359 601 2395 (apud
624 2359 660 2386 de
683 2359 771 2389 Wett,
797 2360 833 2387 T.
857 2359 912 2387 111.
934 2370 963 2397 p.
991 2361 1092 2395 ⁴200.):
1131 2361 1278 2398 „Philippi
1303 2370 1378 2389 uxor
1398 2371 1462 2389 cum
1486 2362 1560 2398 ipso.
1606 2361 1699 2391 Abest
1721 2370 1798 2388 nunc
1817 2361 2006 2389 Academia.“
2044 2361 2162 2390 Etenim

381 2410 480 2429 mense
504 2401 578 2429 Iulio
597 2406 626 2429 et
648 2403 725 2438 Aug.
751 2402 947 2430 Melanthonis
970 2404 1074 2431 coniux
1097 2413 1161 2431 cum
1185 2404 1283 2433 liberis
1306 2409 1451 2432 manserat
1472 2405 1657 2442 Vitebergae,
1681 2409 1712 2432 ut
1736 2404 1876 2441 epistolae
1898 2402 2020 2432 Lutheri
2042 2409 2070 2432 et
2092 2404 2160 2433 Mel.

382 2444 496 2471 docent.
541 2444 641 2472 [enam
664 2445 752 2481 igitur
775 2445 845 2473 abiit
867 2445 996 2483 Philippi
1018 2446 1127 2474 familia
1149 2452 1273 2474 exeunte
1293 2448 1437 2483 Augusto.

348 2485 494 2514 Lutherus
518 2487 547 2514 iu
572 2497 615 2524 ep.
637 2488 663 2514 d.
687 2484 736 2516 311
760 2489 836 2524 Aug.
859 2489 949 2525 (apud
973 2489 1008 2516 dc
1030 2489 1118 2517 Wett.
1141 2489 1176 2517 T.
1201 2489 1253 2517 111.
1276 2500 1302 2527 p.
1328 2491 1412 2525 197.)
1431 2494 1529 2518 monet
1551 2490 1691 2518 Ioannem
1703 2489 1882 2527 Agricolam,
1906 2499 1944 2517 ne
1967 2489 2105 2518 adversus
2127 2489 2161 2518 li-

382 2529 463 2556 brum
488 2529 678 2564 visitatorum,
701 2539 737 2557 ne
760 2531 875 2567 quidem
897 2532 976 2568 typis
1001 2532 1187 2569 exscriptum,
1210 2533 1337 2569 disputet
1360 2533 1435 2569 quod
1458 2533 1515 2560 iam
1538 2533 1654 2561 fecerat.

351 2571 449 2599 Mense
473 2573 549 2609 Aug.
573 2573 715 2608 prodeunt
726 2573 935 2602 Demosthenis
957 2575 1104 2602 orationes
1127 2576 1201 2603 duae
1224 2580 1325 2604 contra
1336 2576 1578 2613 Aristogitonem.
1596 2593 1637 2597 —-
1660 2575 1784 2604 Enarrat
1806 2575 1960 2614 Philippus
1982 2574 2070 2603 lenae
2093 2584 2160 2612 pro-

385 2613 483 2641 verbia
504 2612 676 2644 Salomonis.
