2299 2921
130 92 191 126 377
307 92 346 123 11.
376 90 563 123 INDICES.
608 91 654 124 Μ.
688 90 827 124 1NDEx
851 90 1215 124 PROPOSITIONUM
1238 90 1294 122 ET
1315 89 1683 138 DISPUTATIONUM
1707 91 1819 124 PHIL.
1842 91 1944 125 MEL.
2070 93 2134 125 378

131 188 178 217 De
199 187 387 216 Poenitentia
411 187 482 216 548.
1130 186 1136 233 Ι
1202 185 1361 224 Cogelerus
1384 186 1673 225 Quedlinburgensis,
1697 192 1726 216 et
1749 188 1788 215 M.
1811 187 1921 216 Paulus
1944 186 2070 216 Crellius
2091 188 2133 217 Is-

131 231 178 259 De
200 230 333 259 Iubilaeo
358 230 429 259 555.
1201 230 1337 258 lebiensis
1359 230 1430 259 645.

131 273 178 302 De
199 272 397 307 Inv‘ocationQ
420 271 541 309 Semper
564 277 660 308 orate,
684 277 711 300 et
732 281 791 301 non
813 272 1011 309 defatigemini
1033 272 1104 302 560.
1130 238 1135 297 Ι
1158 272 1380 309 Propositiones
1401 273 1437 300 de
1458 273 1574 302 iudiciis
1596 272 1747 301 Ecclesiae
1771 272 1842 302 657.

131 315 179 345 De
201 315 343 349 Ecclesia,
367 318 395 343 et
417 315 538 352 propria
560 315 712 344 Ecclesiae
734 315 866 343 doctrina
889 316 959 344 566.
1158 314 1380 351 Disputationes
1406 315 1497 344 duae:
1524 316 1560 344 de
1589 315 1705 354 iusticia
1727 315 1798 344 fidei
1820 318 1849 344 et
1875 315 1911 343 de
1933 315 2016 344 bonis
2039 316 2133 353 operi-

131 358 179 388 De
200 358 365 387 discrimine
387 357 460 394 legis
484 362 511 385 et
534 358 687 396 Evangelii
710 357 781 387 576.
1201 358 1255 386 bus
1278 358 1348 386 664.

35 412 41 416 ’
95 424 98 427 .
131 401 179 430 De
203 400 358 430 creationis
380 401 494 429 actione
520 401 590 430 585.
1158 398 1264 438 Capita
1287 401 1489 438 disputationis
1507 400 1543 428 de
1566 400 1719 436 Ecclesia,
1742 399 1875 436 lusticia,
1898 399 1971 428 Fide
1993 409 2027 428 ac
2049 401 2133 428 mini-

132 443 367 482 Propositiones,
391 443 427 471 de
450 444 554 480 quibus
578 442 736 480 disputavit
757 442 798 471 M.
821 442 1010 471 Tilemannus
1032 441 1108 471 Hes·
1201 444 1289 471 sterio
1313 444 1383 479 eius,
1407 453 1443 471 ex
1465 443 1560 471 Iesaia
1584 443 1654 473 677.

174 486 275 514 husius
298 484 504 514 Wessaliensis
529 486 600 515 588.
1158 485 1205 513 De
1227 486 1313 514 rebus
1336 486 1462 523 politicis
1486 486 1556 516 683.

130 528 363 566 Propositiones,
400 530 436 557 de
472 529 576 566 quibus
603 527 762 565 disputavit
794 527 939 556 Henricus
968 526 1105 557 Sthenius
1159 528 1228 556 Alia
1249 529 1410 566 propositio
1435 529 1504 558 685.

174 572 331 599 Munderus
355 571 422 600 600.
1158 570 1206 599 De
1227 576 1377 600 contractu
1400 571 1608 608 redemptionis
1633 572 1703 600 686.

131 614 364 652 Propositiones‚
384 615 419 642 de
436 613 541 651 quibus
553 613 765 650 responderunt
779 613 818 641 M.
835 611 982 651 Georgius
998 615 1106 651 Aemy-
1131 601 1135 639 Ι
1157 612 1205 642 De
1226 615 1391 643 discrimine
1413 614 1566 651 Evangelii
1590 618 1617 642 et
1634 613 1843 651 Philosophiae
1867 612 1938 642 689.

174 656 230 684 lius
254 656 477 684 Mansfcldensis
505 659 534 684 et
561 655 663 685 Simon
690 655 844 691 Musaeus,
876 660 903 684 et
932 657 972 684 M.
1000 656 1106 685 Petrus
1158 656 1204 685 De
1222 657 1308 685 Pauli
1331 657 1422 686 dicto:
1446 657 1550 686 Videte
1573 667 1610 686 ne
1633 657 1697 695 quis
1721 661 1772 685 etc.
1797 657 1866 687 691.

174 698 342 727 Praetorius
366 697 563 727 Cotbusianus
587 699 658 728 611.
1157 699 1205 728 De
1228 700 1380 729 haereticis
1402 701 1558 738 puniendis
1581 710 1634 739 per
1652 700 1855 738 Magistratum
1879 697 1950 727 696.

131 742 348 779 Propositiones
371 742 407 769 de
428 742 596 770 discrimine
621 750 705 769 verae
726 740 876 769 Ecclesiae
899 741 957 769 Dei
982 746 1011 770 et
1035 742 1106 770 alio·
1158 742 1205 770 De
1228 743 1402 780 perfectione
1425 744 1582 772 christiana
1606 744 1677 773 698.

173 793 236 811 rum
259 784 407 812 hominum
432 784 503 814 622.
1156 784 1203 813 De
1227 787 1338 815 caussis
1359 795 1411 823 per
1433 787 1569 815 accidens
1589 787 1662 816 699.

130 825 366 863 Propositiones,
394 828 430 855 dc
454 827 558 864 quibus
581 826 738 865 disputavit
758 827 797 854 M.
820 824 972 856 Conradus
993 827 1106 855 Becker

172 868 394 898 Brunsvicensis
419 870 489 898 634.

128 910 366 948 Propositiones,
403 913 439 940 de
469 913 574 949 quibus
609 912 821 950 responderunt
853 911 963 940 Paulus
994 912 1106 942 Eberus

171 953 381 992 Kittingensis‚
410 955 572 991 Cimbrius,
599 955 741 984 Erasmus
766 953 889 990 Laetus,
918 955 956 983 M.
980 954 1106 984 Ioannes

1157 827 1259 857 Casus.
1294 829 1356 865 (De
1379 832 1495 867 stupro)
1521 830 1590 858 700.

1156 872 1226 900 Alia
1249 873 1319 901 701.

1157 914 1226 942 Alia
1248 914 1319 943 702.

1159 957 1228 985 Alia
1251 958 1321 986 703.

998 2475 1246 2515 ansvigae,

887 2532 966 2564 'l‘ypis
986 2540 1131 2565 expressum
1151 2536 1189 2560 M.
1209 2537 1356 2562 Bruhnii.
