2299 2921
160 137 204 170 33

924 133 948 164 1.
1011 133 1221 167 ANNALES
1242 133 1389 166 VlTAE.
2126 131 2172 167 34

161 233 228 262 Iun.
283 233 330 262 15.
355 231 464 261 Caesar
483 231 572 259 intrat
595 231 759 266 Augustam
783 234 810 258 et
833 230 930 258 statim
952 240 969 258 a
991 229 1177 268 Principibus
1200 229 1325 258 Protest.
1348 229 1485 267 postulat,
1508 233 1540 256 ut
1557 233 1673 257 taceant
1694 237 1793 256 eorum
1813 228 2041 256 concionatores.
2083 228 2168 265 (vid.

278 318 326 346 16.

280 446 326 474 17.

278 573 324 601 18.

276 616 324 644 20.

276 957 326 985 21.

276 999 324 1028 23.

279 1042 327 1070 24.

277 1126 325 1156 25.

274 1254 322 1283 26.

276 1339 325 1369 27.

272 1426 320 1454 28.

275 1639 324 1667 29.

274 1682 324 1710 30.

158 1767 212 1797 Iul.
293 1769 321 1797 4.

297 2110 316 2180 <200

255 2431 263 2433 .
282 2407 328 2435 12.

281 2450 328 2479 13.

282 2578 328 2605 14.

385 274 512 302 narratio
535 274 565 301 in
588 282 653 310 opp.
677 272 762 300 Luth.
785 272 880 301 Viteb.
903 273 956 301 IX.
981 283 1009 311 p.
1034 274 1104 302 409.
1130 273 1198 301 Hal.
1222 273 1306 300 XVI.
1331 283 1357 310 p.
1379 273 1462 308 873.)

351 316 461 346 Caesar
484 315 555 350 vult,
579 319 609 343 ut
632 315 830 343 Protestantes
851 325 975 354 pompae
996 316 1041 344 die
1069 316 1198 354 corporis
1221 314 1330 344 Christi
1353 325 1403 352 per
1426 315 1527 343 urbem
1557 314 1706 342 ducendae
1729 313 1873 348 intersint,
1897 313 1973 349 quod
1997 313 2026 340 hi
2050 317 2168 349 negant.

389 375 425 380 -—
440 358 545 396 Legati
560 360 822 394 Argentoratenses
836 363 996 395 queruntur
1019 359 1054 387 de
1068 359 1264 393 Melanthone,
1287 359 1336 395 qui
1358 358 1462 386 famam
1485 362 1613 395 spargat,
1637 365 1668 384 se
1691 356 1797 384 bellum
1820 365 1923 392 parare
1942 356 2080 384 adversus
2094 353 2169 384 Cae-

384 410 487 429 sarem.

350 444 492 482 Epilogus
512 443 703 472 confessionis
725 443 854 471 nondum
879 448 922 471 est
945 444 1079 481 scriptus.
1102 461 1144 464 —
1168 444 1336 480 Principum
1361 443 1586 471 Protestantium
1609 450 1781 479 responsum
1803 441 1839 468 ad
1863 438 2019 469 Caesarem
2043 441 2078 468 de
2101 450 2168 469 con-

385 487 517 515 cionibus
541 487 632 514 sacris
654 495 712 514 non
735 486 968 515 intermittendis.
1015 486 1148 523 (Editum
1169 487 1199 514 in
1223 485 1367 523 Spalatini
1395 486 1490 514 annal.
1521 495 1549 523 p.
1572 485 1641 513 201.
1667 485 1745 522 apud
1769 483 1944 521 Chytraeum
1969 494 1997 520 p.
2023 484 2071 513 41.
2093 481 2168 512 Coe-

384 530 479 557 lestin.
499 529 521 556 I.
545 539 575 567 p.
602 529 649 557 86.
692 528 862 556 Muellerum
887 538 913 565 p.
941 529 1009 557 538.
1035 535 1063 556 et
1084 539 1119 557 ex
1142 529 1282 557 Muellero
1302 529 1380 566 apud
1405 528 1518 556 Walch.
1543 529 1573 556 in
1598 537 1665 565 opp.
1688 527 1776 555 Luth.
1800 526 1883 555 XVI.
1909 527 1995 562 881.)

350 571 459 601 Caesar
481 572 636 605 interdicit,
660 580 697 598 ne
719 571 795 598 ullae
815 572 933 599 omnino
953 572 1107 600 conciones
1129 581 1229 600 sacrae
1248 572 1364 608 publice
1387 571 1551 599 habeantur
1578 571 1607 599 in
1631 570 1765 598 comitiis.

348 615 466 643 Initium
489 613 688 642 Comitiorum.
710 631 747 634 —
772 613 899 650 Legatus
928 615 1104 651 pontificius,
1130 615 1304 642 Vincentius
1339 614 1551 651 Pimpinellus,
1579 614 1740 642 orationem
1764 612 1850 640 habet
1873 621 1971 639 coram
1992 610 2117 640 Caesare
2141 615 2168 639 et

387 657 544 685 Ordinibus
565 657 594 684 in
618 656 736 694 templo.
778 656 912 693 (Legitur
935 658 1011 694 apud
1034 657 1192 686 Coelestin.
1212 657 1233 685 L
1256 667 1282 694 p.
1311 658 1392 693 105.)

350 700 407 728 Per
427 700 617 734 Frfflericum,
641 697 784 728 Comitem
808 700 984 734 Palatinum,
1008 700 1142 729 Caesaris
1166 701 1384 734 internuntium,
1403 700 1609 737 praeleguntur
1633 698 1818 735 Principibus
1838 703 1865 725 et
1880 696 2040 725 Ordinibus
2062 706 2168 734 propo-

384 743 503 771 sitiones
533 742 680 775 Caesaris,
705 742 838 770 videlicet
860 743 896 770 de
918 743 1036 771 auxiliis
1060 744 1208 771 mittendis
1228 749 1330 771 contra
1352 742 1481 777 Turcas,
1507 747 1534 770 et
1556 743 1590 770 de
1614 741 1824 779 componendis
1845 740 1943 768 litibus
1965 740 1994 767 in
2014 748 2102 767 causa
2123 749 2168 767 re-

384 785 512 823 ligionis.
559 785 722 822 (Integrum
752 786 889 822 scriptum
919 786 974 813 vid.
1006 787 1082 822 apud
1110 785 1269 813 Coelestin.
1291 791 1319 813 et
1338 783 1516 822 Chytraeum
1541 789 1568 812 et
1590 785 1620 812 in
1643 794 1710 822 opp.
1734 783 1820 811 Luth.
1846 783 1913 810 Hal.
1938 782 2019 811 XVI.
2043 793 2071 820 p.
2096 782 2166 811 928.

386 846 426 850 —
462 828 655 856 Posterioreni
684 833 795 865 partein
824 828 911 856 habes
941 829 970 855 in
998 838 1065 865 opp.
1091 828 1177 856 Luth.
1202 828 1298 856 Viteb.
1324 827 1377 855 IX.
1401 838 1429 865 p.
1454 828 1523 855 442.
1547 827 1607 855 Ien.
1627 828 1663 856 V.
1686 837 1715 864 p.
1741 827 1811 854 271.
1838 825 1953 853 Altenb.
1984 825 2020 854 V.
2042 834 2070 862 p.
2096 825 2165 854 225.

384 870 465 908 Lips.
485 870 555 901 XX.
576 881 604 908 p.
630 870 698 898 213.
719 875 747 898 et
769 871 846 907 apud
869 870 1040 898 Muellerum
1064 881 1092 908 p.
1117 871 1203 907 564.)

351 913 417 942 Mel.
442 914 576 951 privatim
598 914 658 950 agit
680 922 745 941 cum
769 913 928 947 Waldesio‚
952 913 1086 941 Caesaris
1110 913 1274 946 secretario,
1295 914 1329 940 de
1348 913 1525 941 restituenda
1546 913 1702 941 concordia
1724 912 1753 940 in
1772 920 1859 940 causa
1881 911 2037 948 religionis.

351 957 516 994 Episcopus
540 955 770 992 Salisburgensis
793 956 966 993 colloquitur
988 956 1125 993 privatim
1149 965 1214 983 cum
1238 956 1434 984 Melanthone.

349 997 533 1027 Conveniunt
557 1000 755 1026 Protestantes
780 1003 807 1025 et
830 999 1004 1026 confessioni
1027 999 1145 1026 nomina
1168 998 1363 1026 subscribunt.

349 1040 519 1070 Conventus
547 1042 673 1069 omnium
703 1041 835 1068 ordinum
864 1041 991 1078 Imperii.
1041 1041 1239 1069 Protestantes
1266 1046 1384 1077 petunt,
1407 1046 1438 1068 ut
1461 1041 1589 1077 ipsorum
1613 1040 1756 1068 confessio
1780 1039 1964 1077 praelegatur
1988 1043 2016 1067 et
2038 1039 2166 1067 tradatur

384 1084 512 1112 Caesari.
558 1082 668 1111 Caesar
686 1084 838 1120 promittit,
862 1093 892 1111 se
914 1088 1030 1120 postero
1054 1084 1099 1111 die
1122 1084 1333 1111 confessionem
1358 1084 1521 1111 auditurum
1547 1092 1618 1111 esse.

350 1125 503 1155 Confessio
528 1127 754 1154 Protestantium
779 1126 893 1162 publice
916 1126 1015 1162 lingua
1037 1127 1192 1154 vernacula
1210 1126 1316 1163 legitur
1339 1132 1367 1153 et
1389 1127 1512 1154 traditur
1534 1125 1662 1154 Caesari.
1709 1125 1844 1162 Epistola
1854 1124 1999 1161 Principis
2022 1123 2167 1152 Electoris

381 1170 418 1197 ad
432 1169 591 1197 Lutherum
616 1170 658 1202 (in
679 1179 745 1206 opp.
760 1168 845 1197 Luth.
868 1169 964 1197 Viteb.
979 1169 1032 1197 IX.
1056 1179 1086 1206 p.
1107 1170 1176 1197 411.
1212 1169 1271 1198 Ien.
1292 1169 1328 1198 V.
1353 1170 1403 1197 36.
1438 1168 1553 1196 Altenb.
1577 1168 1612 1196 V.
1637 1168 1685 1195 28.
1720 1167 1801 1205 Lips.
1817 1167 1886 1195 XX.
1904 1168 1972 1195 175.
2003 1166 2070 1194 Hal.
2083 1166 2165 1195 XVI.

384 1212 453 1240 892.
479 1218 505 1239 et
529 1212 605 1249 apud
629 1210 730 1249 Chytr.
755 1222 782 1248 p.
807 1213 880 1247 54.)

345 1255 546 1283 Protestantes
574 1253 704 1288 Caesari,
734 1255 763 1282 id
792 1254 909 1290 petenti,
934 1255 1113 1291 promittunt,
1144 1264 1184 1289 se,
1211 1255 1304 1282 inscio
1335 1259 1361 1282 et
1384 1255 1476 1282 invito
1498 1251 1635 1287 Caesare,
1658 1262 1716 1281 non
1738 1253 1930 1290 permissuros
1950 1261 2023 1287 esse,
2046 1257 2077 1279 ut
2095 1261 2164 1280 con-

383 1298 471 1326 fessio
493 1308 509 1325 a
532 1298 591 1325 suis
616 1297 787 1333 divulgetur.
812 1313 848 1317 -—
875 1294 1019 1324 Catholici
1041 1297 1207 1324 consultant
1228 1298 1263 1324 de
1282 1297 1453 1325 refutatione
1477 1297 1679 1325 confessionis.

349 1340 486 1368 Melanth.
529 1349 564 1367 ex
608 1339 737 1367 Luthero
769 1340 902 1376 quaerit,
940 1340 1009 1376 quid
1038 1340 1212 1368 adversariis
1250 1341 1280 1368 in
1309 1340 1442 1368 doctrina
1470 1340 1686 1367 concedendum
1714 1347 1776 1367 esse
1805 1342 1894 1375 putet.
1926 1354 1967 1358 —
1997 1337 2165 1365 Alexander

382 1381 568 1411 Schweiss
592 1382 804 1410 confessionem
827 1383 857 1409 in
878 1382 1021 1419 gallicam,
1046 1386 1072 1409 et
1088 1383 1257 1419 Alphonsus
1281 1382 1493 1410 Waldesius
1513 1383 1634 1410 eandem
1665 1382 1695 1410 in
1723 1381 1851 1409 italicam
1881 1381 2010 1417 linguam
2040 1385 2164 1409 vertunt.

345 1426 411 1454 Mel.
436 1430 531 1453 monet
556 1423 698 1453 Comitem
723 1435 740 1452 a
762 1424 924 1459 Nuenar⁷
948 1429 980 1452 ut
998 1430 1148 1462 utramque
1179 1431 1289 1462 partem
1313 1426 1349 1453 ad
1370 1435 1470 1463 pacem
1492 1426 1628 1453 hortetur.
1651 1441 1690 1445 —<
1715 1424 1891 1462 Deliguntur
1915 1423 2067 1460 Principes
2097 1423 2165 1452 Ele-

383 1473 478 1496 ctores
503 1468 608 1502 etalii,
632 1469 699 1495 item
723 1468 862 1505 Episcopi
886 1468 1012 1505 quidam,
1036 1474 1067 1495 ut
1090 1469 1125 1495 de
1149 1477 1235 1496 causa
1254 1469 1404 1506 religionis
1429 1469 1630 1505 componenda
1648 1472 1744 1505 agant.

353 1510 426 1539 Iusti
449 1511 546 1544 Ionae,
570 1509 863 1547 ErhardiSchnepfii,
888 1511 1007 1539 Ioannis
1020 1510 1142 1539 Ruercri
1170 1512 1398 1547 (concionatoris
1411 1510 1587 1548 Onolsbac.)
1609 1515 1638 1539 et
1659 1510 1780 1538 Henrici
1804 1509 1909 1538 Bockii
1933 1509 2164 1545 (concionatoris

383 1553 563 1590 Luneburg.)
588 1554 711 1590 epistola
734 1554 770 1581 ad
795 1554 946 1590 Principes
977 1554 1175 1582 l'rotestantes
1202 1555 1232 1582 in
1256 1553 1401 1583 Comitiis.
1457 1554 1547 1591 (Vide
1569 1564 1631 1582 eam
1660 1554 1689 1581 in
1714 1552 1858 1590 Spalatini
1878 1552 1974 1582 annal.
1998 1553 2073 1580 etin
2097 1562 2164 1590 opp.

380 1595 467 1624 Luth.
492 1596 560 1625 HaJ.
584 1596 665 1623 XVI.
694 1596 798 1631 1056.)

348 1639 414 1666 Mel.
437 1639 582 1676 epitomen
607 1639 755 1666 doctrinae
779 1639 846 1666 fidei
870 1639 970 1667 scribit
992 1640 1020 1667 in
1044 1648 1128 1667 usum
1152 1640 1295 1677 privatum
1318 1638 1462 1668 Caesaris.

348 1682 498 1719 Epistolac
525 1682 646 1709 Lutheri
672 1682 709 1709 ad
743 1682 972 1716 Melanthonem,
998 1682 1158 1717 Brentium,
1187 1681 1380 1720 Spalatinum,
1413 1682 1581 1720 Agricolam
1611 1687 1639 1710 et
1663 1682 1802 1710 Ioannem
1835 1680 2031 1714 Fridericum,
2050 1678 2164 1708 Ducem

381 1723 461 1759 Sax.,
486 1730 515 1752 ut
535 1734 632 1752 eorum
652 1725 781 1752 animum
806 1726 908 1762 erigat.

347 1768 416 1795 Mel.
439 1768 556 1795 tristitia
584 1768 668 1795 valde
699 1768 826 1795 adfectus
858 1773 910 1802 est,
935 1772 963 1795 et
985 1768 1014 1795 in
1038 1768 1232 1805 suspicionem
1258 1769 1344 1803 venit,
1367 1778 1398 1796 se
1420 1768 1511 1795 nimio
1535 1768 1614 1805 pacis
1634 1768 1730 1795 studio
1760 1766 1935 1794 adversariis
1958 1765 2052 1803 plura,
2076 1775 2163 1803 quam

382 1811 477 1843 liceat,
501 1811 660 1838 concedere
686 1810 767 1838 velle⁴

319 1875 326 1882 .
348 1853 444 1882 Urbes
467 1853 574 1880 liberae
606 1853 732 1889 Imperii,
761 1853 962 1890 protestationi
991 1853 1196 1887 adhaerentes,
1220 1851 1339 1881 Caesari
1363 1854 1480 1881 tradunt
1502 1853 1727 1881 declarationem
1749 1861 1846 1886 suam,
1871 1851 1976 1888 gallice
2000 1856 2028 1878 et
2050 1860 2163 1888 germa-

383 1896 447 1922 nice
470 1893 618 1932 scriptam,
638 1896 673 1922 de
698 1905 785 1923 causa
808 1896 967 1933 religionis.

323 1959 329 1965 .
354 1938 456 1975 Legati
481 1937 733 1975 Norinbergenses
764 1939 953 1975 apographon
982 1939 1173 1967 confessionis
1205 1939 1313 1966 latinae
1341 1940 1456 1967 mittunt
1477 1939 1513 1967 ad
1535 1937 1673 1966 Senatum
1698 1938 1832 1972 Norinb.‚
1856 1942 1884 1964 et
1906 1937 1996 1974 legati
2016 1935 2162 1964 Halenses

383 1981 572 2018 apographon
597 1981 787 2009 confessionis
809 1982 992 2017 germanicae
1012 1983 1128 2010 mittunt
1148 1982 1254 2009 Halani
1279 1982 1308 2009 in
1338 1981 1453 2010 Suevia.
1479 1998 1520 2001 —
1544 1982 1609 2009 Mel.
1635 1981 1735 2009 scribit
1757 1981 1792 2008 ad
1813 1978 2002 2017 Campegium
2022 1977 2161 2006 Cardina-

382 2024 448 2057 lem,
473 2028 503 2050 ut
524 2024 636 2051 animos
657 2024 693 2051 ad
716 2033 817 2061 pacem
841 2024 955 2052 flectere
979 2026 1101 2053 studeat.
1124 2042 1166 2046 --
1190 2025 1301 2053 Eodem
1336 2025 1382 2052 die
1413 2025 1558 2053 Lutherus
1594 2024 1755 2058 Albertum,
1778 2023 1997 2060 Archicpiscop.
2022 2022 2162 2058 Mogunt.,

383 2066 507 2102 graviter
529 2071 635 2100 monet,
660 2071 689 2093 ut
712 2076 811 2103 pacem
832 2074 1009 2103 promoveat.

321 2132 326 2137 .
351 2109 418 2136 Mel.
443 2110 479 2136 ad
503 2109 693 2146 Campegium
717 2110 882 2137 accersitur.

319 2175 325 2181 .
349 2151 457 2179 Caesar
488 2151 688 2179 Protestantes
717 2153 896 2188 interrogat,
924 2163 958 2180 an
990 2158 1105 2190 praeter
1128 2164 1176 2188 ea,
1205 2163 1278 2190 quae
1306 2155 1434 2191 ipsorum
1463 2153 1607 2181 confessio
1637 2153 1671 2180 de
1694 2152 1826 2179 doctrina
1854 2151 1923 2178 fidei
1953 2155 1981 2177 et
2002 2150 2038 2177 de
2061 2149 2164 2177 ritibus

385 2195 590 2222 ecclesiasticis
624 2195 745 2228 habeat,
769 2195 853 2232 plura
876 2195 962 2222 velint
985 2197 1013 2223 in
1038 2197 1165 2224 medium
1189 2190 1335 2233 profefre?
1359 2197 1404 2224 cui
1428 2196 1625 2223 Protestantes
1653 2195 1828 2232 respondent
1856 2195 1884 2222 d.
1914 2195 1959 2222 lO.
1983 2192 2058 2220 Iulii.
2082 2192 2163 2229 (vid.

386 2237 515 2265 Mueller.
541 2247 568 2274 p.
590 2238 677 2273 667.)
2090 2260 2094 2261 γ

351 2280 520 2308 Adveniunt
543 2280 600 2307 fere
625 2281 679 2308 hoc
703 2286 832 2316 tempore
856 2280 986 2308 Bucerus
1005 2286 1033 2307 et
1055 2280 1177 2318 Capito,
1202 2286 1229 2309 et
1251 2292 1315 2309 cum
1338 2281 1510 2309 Lutheranis
1535 2290 1620 2317 agere
1640 2281 1782 2317 incipiunt
1805 2280 1839 2306 de
1872 2278 2026 2306 concordia
2054 2278 2083 2305 in
2113 2277 2164 2305 do-

387 2324 478 2350 ctrina
501 2324 536 2350 de
555 2332 639 2350 sacra
662 2332 761 2351 coena.
806 2322 878 2350 Post
891 2333 988 2350 eorum
1004 2324 1158 2351 adventum
1171 2323 1290 2353 Caesari
1314 2325 1466 2359 confessio,
1490 2333 1564 2361 quae
1577 2324 1690 2357 dicitur,
1702 2322 1926 2359 Tetrapolitana
1944 2321 2076 2355 traditur,
2093 2321 2165 2348 item

387 2364 539 2393 Confessio
563 2365 755 2394 Ulmensium.

352 2407 487 2435 Brentius
510 2408 617 2436 Halam
642 2410 670 2436 in
694 2407 799 2436 Suevia
823 2408 909 2435 mittit
932 2409 1119 2445 apographon
1142 2409 1262 2437 latinum
1284 2410 1482 2438 confessionis.

353 2447 496 2478 Catholici
520 2451 747 2479 confutationem
766 2453 843 2487 Aug.
867 2452 1059 2479 confessionis
1082 2452 1197 2479 tradunt
1218 2452 1347 2487 Caesari,
1371 2454 1416 2480 cui
1439 2453 1580 2489 displicet.

354 2492 496 2521 Lutherus
519 2494 751 2528 Melanthonem,
778 2493 879 2521 Ionam
911 2499 939 2521 et
962 2492 1142 2531 Spalatinuin
1167 2495 1307 2530 hortatur,
1330 2505 1366 2522 ne
1391 2496 1492 2523 cedant
1518 2494 1708 2527 adversariis,
1732 2503 1804 2521 neve
1828 2491 1983 2520 Caesarem
2008 2491 2100 2519 ferant
2122 2490 2166 2519 iu-

390 2536 480 2563 dicem
505 2537 534 2563 in
554 2545 641 2564 causa
664 2546 820 2566 sacrorum.

352 2578 520 2606 Melanthon
544 2578 673 2606 Luthero
695 2580 795 2607 scribit
818 2580 853 2607 de
874 2579 1077 2608 traditionibus
1096 2580 1309 2608 ecclesiasticis.

374 2645 519 2664 MELANTH.
541 2645 621 2664 OPER.
642 2645 704 2664 VOL.
724 2646 823 2665 xxvm.
1940 2635 1960 2660 C
