2299 2921
166 129 228 161 407

169 230 279 258 motus
295 227 347 263 ⁵⁹)
387 224 525 255 ratione.
583 222 651 254 Sed
684 220 820 262 loseph,
860 218 982 251 Paulus
1016 218 1148 250 frenant

170 268 307 309 Spiritu,
330 268 363 299 id
386 274 437 298 est
451 266 594 308 Spiritus
618 264 724 296 sancti
746 264 899 300 motibus,
924 271 1003 293 vero
1020 260 1147 299 dolore,

170 321 251 343 vera
269 310 346 349 fide,
369 311 486 341 timore
517 309 567 339 dei
598 315 629 339 et
659 307 887 343 inuocatione,
911 303 1000 336 dolet
1023 303 1147 335 Paulus

170 354 320 386 sentiens
345 353 568 384 dubitationes
592 356 648 381 aut
671 348 754 379 alios
779 353 931 379 errantes
953 352 1081 384 motus,
1116 352 1149 377 et

169 398 235 429 fide
257 397 370 427 statuit
392 395 478 426 hanc
502 392 741 425 immundiciem
764 392 831 432 tegi
859 401 879 421 a
901 390 1094 427 mediatore,
1117 396 1148 420 et

168 442 286 472 timore
309 439 359 470 dei
382 448 420 469 se
444 436 606 478 reprimit,
630 444 671 465 ne
701 435 905 474 obtemperet
933 434 1003 463 irae
1025 437 1080 463 aut
1095 433 1147 469 ⁴⁰)

169 482 246 524 alijs
271 481 457 513 errantibus
482 478 637 515 motibus,
661 484 692 508 et
716 475 814 507 simul
832 477 967 506 inuocat
985 475 1093 512 deum,
1116 481 1148 505 et

168 526 250 567 petit
274 523 444 560 auxilium,
467 521 541 560 [fol.
566 520 646 558 52³]
672 519 738 551 Cor
762 518 918 550 mundum
942 527 1019 549 crea
1041 517 1074 548 in
1096 527 1149 547 me

169 570 262 600 deus.
281 569 334 599 41‘)
386 564 467 596 Cum
503 563 568 594 hoc
602 563 699 593 modo
728 571 953 603 repugnamus
983 560 1148 601 prauitati,

169 621 255 653 quae
278 608 388 640 adhuc
410 606 537 648 reliqua
561 612 612 636 est
641 606 673 636 in
705 605 847 642 renatis,
881 609 1036 645 teguntur
1064 602 1148 633 haec
1172 626 1173 631 ,

167 652 256 685 mala
279 658 312 683 et
334 651 514 687 dicitur⁴·-‘)
537 653 713 690 peccatum
741 657 809 678 non
832 656 979 688 regnans
1009 655 1070 676 seu
1092 655 1147 676 ve-

167 695 267 733 niale,
290 701 323 725 et
345 703 412 724 non
437 692 612 724 effunditur
635 691 770 732 spiritus
794 695 942 721 sanetus.
956 690 1008 726 ⁴3)
1052 688 1148 719 Hanc

169 738 351 770 doctrinam
386 737 427 767 de
456 735 647 766 discrimine
680 740 892 773 peccatorum
922 741 1053 768 veram,
1075 740 1147 771 per·
1172 752 1173 756 ,

167 782 315 823 spicuam
334 785 366 811 et
383 777 560 810 Ecclesiae
578 777 802 808 neeessariam
827 785 915 812 esse,
938 772 1146 805 manifestum

168 830 231 862 est,
246 823 287 854 de
300 833 365 863 quo
377 824 429 859 44)
443 827 552 852 tamen
568 817 683 861 quales
697 817 875 860 labyrinthi
891 817 1147 857 disputationum

168 868 234 898 sint
256 867 289 897 in
313 865 407 896 libris
431 863 714 899 aduersariorum,
749 860 842 893 multi
872 866 1004 892 norunt.
1050 858 1146 890 Post-

168 920 268 952 quam
290 918 371 940 vero
397 907 541 938 breuiter
564 905 777 946 exposuimus
795 913 956 934 summam
975 902 1146 934 doctrinae

168 954 209 984 de
232 950 483 987 iustificatione,
514 958 601 980 nunc
632 954 664 979 et
687 952 895 989 argumenta,
919 955 1013 987 quaa
1029 950 1145 977 contra

166 996 255 1027 hanc
289 994 485 1025 sententiam
521 991 738 1032 obijciuntur‚
772 988 968 1031 explicanda
997 996 1029 1019 et
1058 986 1144 1019 refu-

167 1039 268 1070 tanda
293 1042 396 1068 erant.
442 1036 509 1067 Sed
534 1035 610 1076 quia
639 1033 694 1075 alij
719 1031 783 1064 alia
807 1032 984 1073 obiiciunt,
1015 1029 1144 1063 conses-

167 1082 295 1112 sionem
317 1084 465 1111 nostram
491 1078 718 1114 recitauimuS,
751 1080 784 1106 et
817 1075 982 1107 offerimus
1011 1084 1074 1105 nos
1103 1073 1145 1104 ad

168 1123 338 1165 longiores
360 1119 600 1163 explicationes
623 1121 656 1150 in
679 1117 820 1160 singulis
839 1117 993 1150 membris
1013 1115 1144 1148 confes-

166 1167 282 1198 sionis.

390 1316 466 1357 [fol.
490 1315 571 1354 52¹³]
612 1309 660 1342 De
689 1307 843 1341 Ecclesia.
865 1307 920 1350 ⁴⁵)

250 1412 333 1445 Vult
356 1413 438 1443 deus
467 1407 608 1451 intelligi
637 1418 742 1450 genus
766 1407 944 1440 humanum
972 1416 1039 1438 non
1063 1416 1145 1438 casu

163 1458 278 1495 nasci,
308 1456 367 1487 sed
396 1465 416 1486 3
439 1454 502 1485 deo
526 1452 693 1483 conditum
717 1461 809 1489 esse,
832 1457 865 1482 et
887 1450 1054 1481 conditum
1078 1459 1144 1480 nou

163 1502 206 1534 ad
230 1499 463 1534 aeternumffl)
487 1496 633 1533 exitium,
656 1495 716 1525 sed
735 1500 771 1525 ut
790 1492 927 1536 colligat
947 1493 1009 1523 sibi
1032 1491 1064 1523 in
1089 1502 1144 1534 ge-

163 1554 244 1576 nere
277 1543 421 1574 humano
445 1538 645 1574 Ecclesiam-1
681 1537 734 1569 cui
767 1537 800 1568 in
834 1537 920 1568 omni
950 1535 1143 1567 aeternitate

163 1585 448 1620 communicetfl)
472 1592 566 1613 suam
590 1580 795 1621 sapientiam,
819 1579 998 1611 bonitatem
1021 1585 1053 1610 et
1076 1577 1143 1609 lae-

162 1631 286 1668 ticiam,
311 1634 344 1660 et
366 1625 437 1659 vult
461 1625 608 1666 conspici
632 1623 745 1661 filium,
767 1628 902 1664 propter
926 1631 1021 1664 quem
1039 1627 1071 1653 et
1084 1631 1143 1662 per

163 1684 261 1715 quem
280 1667 492 1703 inenarrabili
516 1668 678 1708 sapientia
698 1672 731 1697 et
748 1667 905 1697 immensa
916 1665 1144 1696 misericordia

161 1716 251 1748 hanc
285 1715 439 1748 miseram
473 1717 625 1743 naturam
658 1709 827 1741 hominum
856 1708 1009 1740 restituit.
1065 1707 1143 1738 Ideo

163 1769 296 1800 semper
319 1758 351 1789 in
377 1764 499 1798 genere
524 1754 667 1785 humano
691 1758 821 1784 coetum
851 1761 928 1783 esse
950 1750 1067 1789 voluit,
1090 1750 1144 1782 cui
1170 1745 1171 1754 ¹

163 1904 209 1935 39)
229 1903 323 1935 motus]
342 1903 378 1926 sic
397 1901 462 1925 Cod.
483 1904 505 1925 et
524 1900 604 1924 Editt.
627 1898 699 1922 1—3.
725 1899 750 1921 8.
775 1898 801 1921 in
826 1900 907 1926 textu,
932 1896 976 1920 sed
996 1895 1046 1919 Ed.
1069 1897 1091 1918 l.
1116 1896 1143 1919 in

230 1946 308 1969 marq.
329 1935 415 1960 habet:
435 1936 554 1963 affectus,
573 1934 602 1958 id
618 1934 683 1966 quod
700 1937 758 1956 cett.
778 1932 858 1956 Editt.
883 1932 909 1955 in
926 1934 996 1955 textu
1020 1929 1141 1955 exhibent.

161 1982 208 2013 40)
229 1979 283 2013 aut]
302 1979 362 2004 haee
380 1987 427 2003 vot
447 1987 525 2011 supra
543 1978 632 2002 lineam
651 1975 739 2000 addita
757 1979 800 2000 est.

161 2025 207 2056 41)
227 2025 254 2047 in
273 2030 313 2046 me
333 2022 416 2054 deus]
437 2022 487 2046 Ed.
507 2022 531 2045 4.
552 2021 578 2043 in
595 2027 691 2051 τηαν-9.,
710 2019 792 2042 Editt.
813 2018 836 2041 5.
856 2018 881 2042 6.
899 2017 925 2040 in
943 2020 1012 2041 tezen
1030 2015 1138 2039 addunt:

229 2058 299 2082 Psal.
320 2058 361 2081 50.
380 2058 437 2081 item
456 2056 505 2080 Ed.
526 2056 562 2078 7.:
581 2054 650 2078 Psal.
671 2054 712 2077 51.

161 2102 207 2133 42)
228 2100 360 2131 dicuntur]
380 2101 416 2124 sic
435 2099 515 2127 Cod.;
536 2105 605 2121 omn.
624 2097 720 2120 Edon:
740 2095 833 2119 dicitur

161 2146 207 2176 43)
228 2149 253 2168 et
270 2152 323 2168 non
342 2143 480 2168 effunditur
499 2143 601 2173 spiritus
621 2138 747 2170 sanctus]
767 2137 826 2162 haec
844 2135 919 2161 verba
937 2136 997 2159 Mel.
1015 2136 1041 2159 in
1058 2143 1136 2167 marq.

230 2178 337 2203 addidit.

158 2223 205 2254 44)
225 2222 256 2245 de
281 2229 332 2252 quo
359 2221 425 2251 (scil.
451 2217 624 2248 discrimine)]
648 2218 685 2241 sic
709 2215 792 2245 Cod.;
817 2222 885 2238 omn.
909 2213 1007 2237 Edita:
1033 2213 1064 2236 de
1087 2219 1137 2245 qua

227 2256 293 2287 (scil.
314 2255 447 2286 doctrina)

158 2299 204 2330 45)
223 2299 264 2323 De
283 2297 423 2329 Ecclesia]
443 2296 474 2321 ub
493 2296 538 2320 lzoc
556 2295 662 2319 articulo
681 2293 778 2317 orditur
797 2292 878 2316 altera
897 2298 954 2322 pars
973 2290 1049 2314 huius
1069 2289 1136 2313 Con-

226 2333 361 2363 fessioni33
382 2340 438 2356 nam
456 2332 482 2355 in
501 2330 576 2354 Conf.
595 2329 694 2354 Saxon.
714 2334 827 2359 german.
846 2325 1001 2357 inscriptioni
1019 2325 1135 2357 speciali:

228 2366 286 2392 93οη
304 2368 344 2391 her
364 2366 469 2398 heiligen
489 2363 647 2395 (ξῇῐῐῇῑίὠεη
666 2361 776 2395 Βίῐᾶμη.
803 2361 916 2393 proxime
939 2359 1059 2384 antecedit
1078 2358 1137 2383 haec

226 2402 362 2433 yeneralis:
390 2398 448 2425 §Dua
477 2401 549 2424 anter
575 2397 616 2424 teil
643 2397 718 2427 bietet
748 2393 887 2426 OEonfeiiicn
919 2395 966 2419 »nb
993 2392 1135 2419 fflelmtnie.
1162 2417 1164 2425 ‚

229 2435 385 2467 Quapropter
416 2433 602 2458 Franckius
625 2431 793 2463 inscriptioni:
821 2429 863 2454 VI.
889 2429 930 2452 De
955 2428 1072 2453 ecclesia.
1096 2435 1135 2451 m:-

222 2470 384 2501 perimposuit
405 2470 520 2492 alteram:
540 2468 602 2491 Pars
623 2467 655 2491 11.
696 2466 735 2490 De
748 2465 885 2498 partitione
901 2462 972 2488 huius
993 2462 1061 2494 Cous.
1080 2461 1136 2486 vide

227 2503 381 2527 Bertram
402 2503 419 2525 l.
438 2503 454 2525 l.
475 2511 499 2533 p.
520 2501 665 2525 543—546.
688 2504 751 2524 nota
770 2500 793 2523 2.

159 2546 205 2579 46)
225 2546 368 2577 aeternum]
388 2545 437 2569 Ed.
458 2545 481 2569 5.
502 2545 577 2569 male:
597 2549 730 2567 externum

159 2590 204 2618 47]
225 2587 406 2619 communicet]
427 2588 474 2611 Ed.
494 2587 533 2611 6.:
555 2588 727 2610 eommunicet
745 2593 809 2615 sese,

615 126 727 159 PHIL.
750 124 853 158 MEL.
878 124 1062 157 SCRIPTA
1085 124 1350 156 DOGMATtCA
1374 124 1430 156 ET
1454 123 1724 156 SYMBOLICA.

2110 125 2175 158 408

1198 219 1331 250 tradidit
1354 219 1537 250 doctrinam
1561 218 1601 250 de
1625 217 1704 256 filio,
1729 225 1761 249 et
1783 219 1815 249 in
1839 228 1905 259 quo
1925 217 2011 250 filius
2033 219 2105 260 ipse
2127 220 2174 250 in-

1197 261 1302 292 stituit
1332 267 1364 292 et
1392 261 1603 293 conseruauit
1631 261 1845 292 ministerium
1877 262 2113 293 custodiendae
2141 268 2174 294 et

1198 304 1434 346 propagandae
1468 305 1538 335 eius
1573 304 1760 341 doctrinae,
1795 313 1855 344 per
1879 314 1977 345 quam
1999 310 2031 335 et
2054 303 2174 336 efficax

1198 345 1276 384 fuit,
1310 352 1361 378 est
1391 352 1424 377 et
1447 347 1527 383 erit,
1563 346 1637 384 [fol.
1662 346 1744 384 53³]
1770 353 1802 378 et
1825 345 1946 378 multos
1969 347 2012 377 ad
2034 357 2072 378 se
2095 357 2173 379 con-

1198 390 1307 426 uertit,
1330 389 1415 420 sicut
1445 387 1620 420 manifeste
1648 390 1751 430 inquit
1776 387 1917 427 Paulus,
1935 390 1987 427 ⁴3)
2021 389 2173 431 Euange-

1172 422 1173 440 ¹
1198 431 1276 463 lium
1300 437 1351 462 est
1373 432 1519 472 potentia
1542 433 1594 463 dei
1617 433 1658 463 ad
1683 431 1823 462 salutem
1847 433 1934 463 omni
1959 433 2118 464 credenti.

1285 490 1351 522 Sed
1374 492 1556 522 mirandum
1581 498 1613 522 et
1636 490 1813 522 dolendum
1837 499 1890 522 est
1908 493 2081 523 maximam
2098 502 2172 532 par·

1172 540 1262 564 .tem
1293 534 1426 574 generis
1460 534 1592 565 hnmani
1627 533 1776 565 horribili
1812 534 1927 566 furore
1963 541 2173 566 contemnere

1199 586 1315 607 vocem
1339 581 1370 606 et
1392 576 1640 612 testimonia⁴⁹)
1665 577 1715 607 dei
1729 582 1760 608 et
1772 576 1872 607 filium
1894 576 1956 614 dei,
1980 575 2022 607 Et
2044 577 2077 608 in
2098 579 2172 618 ipso

1199 625 1315 657 coetu,
1350 619 1403 659 qui
1427 618 1669 652 nomenhabet
1695 618 1885 656 Ecclesiae,
1908 618 2028 650 multas
2052 619 2173 650 dilace-

1197 662 1345 693 rationes
1370 671 1500 703 semper
1523 661 1630 693 factas
1653 671 1745 700 esse,
1781 668 1812 692 ct
1842 672 1953 693 verani
1986 660 2173 693 Ecclesiam

1197 706 1239 735 ab
1264 705 1408 735 externis
1431 710 1461 735 et
1485 705 1673 735 domesticis
1702 705 1853 735 hostibus
1883 712 2104 746 oppugnatam
2121 707 2173 743 ⁵⁰)

1198 757 1286 779 esse.

1286 802 1375 833 Haec
1397 802 1533 832 dissidia
1558 812 1631 834 cum
1655 802 1805 833 hominvs
1828 804 2012 842 intuentur,
2049 808 2080 833 et
2104 802 2173 843 qui·

1171 863 1172 888 3
1198 846 1271 876 dem
1295 846 1412 882 vident,
1429 845 1587 885 imperijs,
1611 844 1816 876 multitudine
1845 851 1877 876 et
1899 844 2004 887 gloria
2027 843 2173 877 antecel-

1170 900 1172 903 ’
1197 887 1269 919 lere
1293 898 1350 919 eos
1374 888 1428 929 qui
1451 887 1534 918 alias
1559 887 1728 918 doctrinas
1752 893 1939 930 pugnantes
1968 899 2042 919 cum
2064 887 2173 919 Euan-

1199 930 1286 973 gelio
1307 930 1560 972 amplectuntur,
1583 930 1750 968 dubitant,
1774 941 1815 961 an
1839 932 1882 962 sit
1903 930 2014 972 aliqua
2038 931 2088 962 dei
2112 929 2173 961 Ec·

1199 973 1312 1011 clesia,
1335 983 1498 1015 quaenam
1522 979 1554 1004 et
1577 971 1683 1014 qualis
1708 979 1739 1004 et
1763 974 1816 1004 vbi
1841 974 1894 1004 sit.

1282 1029 1334 1061 Ac
1358 1029 1537 1070 prophanis
1562 1029 1748 1060 diiudicatio
1763 1028 1907 1060 difficilis
1919 1035 1982 1067 est,
2005 1028 2071 1060 Sed
2094 1039 2175 1060 vera

1198 1072 1352 1104 Ecclesia
1377 1072 1450 1110 [fol.
1463 1072 1543 1110 5iib]
1569 1072 1632 1103 scit
1655 1082 1695 1102 ex
1718 1072 1914 1115 testimonijs
1933 1072 2063 1110 diuinis,
2087 1072 2175 1103 vnde

1197 1116 1263 1147 sint
1285 1115 1366 1146 tanti
1388 1114 1554 1146 hominum
1578 1113 1721 1151 furores,
1745 1121 1777 1145 et
1798 1116 1883 1146 inter
1902 1124 1960 1145 eos
1978 1121 2086 1145 tamen
2104 1125 2175 1146 ser-

1197 1159 1269 1190 uari
1282 1157 1465 1189 Ecclesiam
1490 1157 1554 1195 dei,
1577 1163 1610 1188 et
1632 1157 1790 1188 discernit
1814 1167 1887 1189 eam
1910 1168 1929 1188 a
1954 1158 2073 1189 ceteris
2096 1167 2175 1198 gen-

1197 1202 1297 1238 tibus,
1321 1206 1352 1231 et
1375 1201 1438 1231 scit
1461 1210 1635 1241 quaenam,
1658 1199 1765 1241 qualis
1788 1206 1820 1231 et
1843 1201 1897 1231 vbi
1920 1201 1972 1231 sit.

1284 1255 1330 1286 Vt
1352 1256 1451 1297 igitur
1479 1262 1596 1287 contra
1624 1255 1685 1287 has
1717 1256 1939 1287 dubitationes
1967 1255 2071 1295 magis
2095 1264 2173 1286 con-

1197 1298 1407 1329 firmarentur
1419 1307 1535 1328 omnes
1559 1299 1678 1333 sancti,
1702 1297 1862 1330 articulus
1885 1298 1918 1328 in
1931 1296 2084 1339 symbolo
2097 1307 2173 1337 pro-

1197 1342 1326 1382 positus
1349 1346 1411 1375 est,
1434 1340 1544 1372 Credo
1568 1350 1644 1372 esse
1666 1340 1851 1372 Ecclesiam
1881 1341 2097 1378 sanctam⁵¹)
2120 1350 2175 1371 ca-

1197 1383 1366 1415 tholicam.
1412 1383 1484 1414 Hac
1523 1383 1734 1424 professione
1771 1383 1984 1415 adfirmamus
2018 1393 2084 1414 non
2117 1383 2175 1414 ab·

1196 1428 1316 1458 iectum
1335 1436 1412 1458 esse
1433 1431 1537 1457 totum
1561 1437 1666 1468 genus
1678 1427 1853 1458 humanum
1875 1436 1895 1457 a
1918 1425 2004 1463 Deo,
2027 1426 2086 1457 sed
2099 1434 2176 1457 esse

1197 1477 1230 1502 et
1252 1479 1440 1500 mansuram
1463 1479 1540 1500 esse
1562 1468 1704 1511 aliquam
1728 1479 1839 1500 veram
1862 1467 2060 1504 Ecclesiam,
2082 1474 2173 1499 ratas

1197 1522 1274 1544 esse
1308 1512 1358 1543 dei
1382 1513 1640 1553 promissiones,
1673 1513 1781 1543 adhuc
1809 1521 1952 1553 regnare
1980 1509 2082 1541 filium
2109 1510 2173 1548 dei,

1196 1557 1364 1597 recipere,
1398 1562 1432 1586 et
1465 1553 1597 1586 saluare
1630 1556 1835 1586 inuocantes,
1898 1553 1939 1584 Et
1972 1552 2036 1584 hac
2072 1553 2173 1585 erecti

1197 1597 1424 1631 consolatione
1458 1598 1521 1629 deo
1555 1599 1680 1639 gratias
1707 1597 1836 1640 agimus
1867 1601 1899 1628 et
1934 1606 2007 1627 eum
2035 1597 2171 1627 inuoca-

1195 1652 1282 1679 mus,
1306 1647 1338 1673 et
1360 1640 1511 1682 petimus,
1536 1641 1717 1681 accipimus
1741 1644 1774 1670 et
1797 1644 2013 1680 expectamus
2037 1644 2174 1670 aeterna

1195 1686 1292 1717 bona.

1283 1739 1355 1778 [fol.
1388 1738 1469 1776 54²]
1519 1738 1662 1779 Propter
1696 1738 1782 1769 hanc
1817 1734 2171 1768 commonefuetionem

1169 1790 1227 1818 :et
1260 1780 1521 1813 consolationem
1556 1780 1716 1812 articulus
1751 1782 1784 1812 in
1808 1779 1970 1822 Symbolo
2003 1780 2171 1814 recitatur,

1169 1824 1171 1831 ⁸
1196 1836 1270 1857 cum
1294 1825 1423 1866 quidem
1452 1823 1536 1855 haec
1565 1824 1638 1865 ipsa
1662 1824 1811 1855 doctrina
1840 1823 1881 1854 de
1915 1823 2171 1854 conseruatione

1194 1867 1368 1900 Ecclesiae
1391 1867 1564 1907 sepissime
1589 1867 1728 1907 repetita
1757 1867 1800 1897 sit
1827 1866 1859 1896 in
1884 1865 2101 1896 concionibus
2125 1865 2171 1895 di-

1193 1911 1290 1942 uinis.
1336 1910 1382 1941 Vt
1403 1909 1523 1941 Esaiae
1551 1910 1602 1940 59.
1648 1910 1786 1943 Hoe⁵2>
1815 1907 1933 1939 foedus
1963 1918 2070 1939 meum
2095 1917 2170 1939 cum

1193 1955 1254 1992 eis,
1277 1953 1354 1984 dicit
1378 1953 1538 1984 dominus.
1575 1952 1718 1994 Spiritus
1739 1961 1832 1983 meus
1855 1952 1911 1993 qui
1935 1957 1985 1982 est
2008 1950 2041 1982 in
2065 1956 2109 1989 te,
2133 1955 2165 1982 et

1192 1997 1295 2028 verba
1317 2005 1391 2027 mea
1414 2005 1498 2035 quae
1521 1997 1618 2036 posui
1640 1996 1671 2026 in
1697 2004 1754 2026 ore
1778 2000 1845 2032 tuo,
1871 2003 1936 2025 non
1953 1993 2111 2026 recedent
2122 1993 2164 2024 ab

1193 2049 1251 2070 ore
1274 2045 1349 2077 tuo,
1384 2048 1446 2069 nec
1470 2039 1594 2069 abore
1623 2038 1756 2069 seminis
1790 2037 1855 2075 tui,
1889 2037 1966 2068 dicit
1988 2035 2166 2074 Dominus,

1192 2083 1347 2123 deinceps
1371 2087 1401 2112 et
1426 2082 1457 2112 in
1477 2082 1723 2122 sempiternum.
1759 2079 1801 2111 Et
1820 2081 1971 2111 dominus
1987 2079 2164 2120 inquit.⁵³)

1190 2124 1263 2167 Ego
1288 2126 1460 2156 vobiscum
1484 2135 1557 2155 sum
1580 2124 1732 2156 omnibus
1755 2123 1872 2154 diebus
1896 2132 2000 2163 vsque
2023 2121 2065 2153 ad
2088 2130 2165 2153 con-

1191 2168 1441 2199 summationem
1465 2166 1581 2199 seculi.

1189 2332 1236 2363 48]
1256 2331 1363 2363 Paulus]
1382 2331 1462 2356 Edjtt.
1482 2331 1558 2356 5—7.
1577 2331 1602 2354 in
1621 2334 1690 2354 textu
1708 2328 1813 2353 addunt:
1832 2328 1942 2352 Roman.
1966 2328 1987 2351 l.

1188 2375 1235 2406 49)
1256 2374 1414 2406 testimonia]
1434 2373 1513 2398 Editt.
1535 2374 1609 2397 1—3.
1629 2374 1666 2397 8.:
1687 2373 1864 2396 testimonium

1189 2419 1235 2450 50)
1256 2416 1440 2450 oppugnatam]
1460 2417 1508 2441 Ed.
1530 2418 1568 2441 3.:
1589 2419 1763 2447 expugnatam

1161 2473 1163 2493 5
1188 2462 1234 2494 51)
1256 2461 1380 2493 sanctam]
1401 2460 1464 2485 hanc
1482 2468 1562 2485 vocem
1580 2459 1642 2483 Mel.
1663 2466 1739 2490 cupra
1758 2457 1845 2482 lineam
1863 2457 2005 2489 adscripsit.

1189 2505 1235 2535 52)
1256 2503 1323 2536 Hoc]
1344 2504 1393 2527 Ed.
1414 2504 1451 2527 7.;
1471 2504 1529 2528 Hoc
1547 2507 1586 2526 est

1160 2539 1163 2576 l
1188 2547 1234 2578 53)
1254 2546 1347 2579 inquit]
1376 2547 1424 2572 Ed.
1451 2547 1475 2571 4.
1502 2548 1527 2570 in
1558 2553 1646 2576 vary„
1682 2544 1761 2569 Editt.
1791 2543 1866 2568 5—7.
1901 2544 1926 2566 in
1954 2546 2023 2566 textu
2056 2539 2163 2564 addunt:

1160 2580 1163 2596 ἱ
1257 2581 1349 2605 Matth.
1370 2582 1410 2605 28.
