2299 2921
149 143 191 175 61

151 237 220 268 Oct.

282 282 321 522 wrfo'sffiss‘

156 707 234 738 Nov.
292 709 318 737 6.

156 964 229 994 Dec.

156 1391 220 1421 Ian.
297 1392 322 1419 1.

294 1476 322 1504 6.

273 1518 319 1546 12.

154 1561 242 1590 Febr.

272 1604 320 1632 13.

274 1647 320 1675 14.

275 1733 322 1761 17.

159 1776 243 1804 Mart.

276 1820 323 1846 11.

275 1903 323 1932 252.

274 1947 323 1975 31.

158 2075 253 2115 April.
299 2076 326 2103 8.

275 2160 322 2189 16.

275 2203 324 2231 20.

275 2246 324 2275 23.

277 2331 325 2359 24.

161 2374 230 2403 Mai.
300 2375 325 2401 1.

246 2416 326 2453 (12.)

279 2460 325 2487 14.

274 2502 324 2530 23.

162 2545 226 2574 Iun.
281 2545 326 2573 10.

935 142 959 174 Ι.
1004 140 1212 174 ANNALES
1234 140 1381 172 VITAE.
2114 141 2158 173 62

341 238 416 267 Fere
436 239 555 266 ineunte
578 236 642 265 Oct.
667 238 826 266 orationem
846 239 934 266 habet
956 239 992 266 de
1014 238 1220 275 ingratitudine
1245 236 1356 272 cuculi,
1378 237 1408 264 in
1433 246 1489 274 qua
1511 236 1717 274 perstringitur
1736 236 1914 273 ingratitudo
1937 234 2103 265 Schenckii.

344 281 469 309 Iacobus
491 279 680 314 Schenckius‚
704 285 856 309 accusator
879 281 960 316 Mel„
985 285 1155 318 expectatur
1177 280 1360 316 Vitebergae.

344 323 535 353 Commendat
557 323 709 350 Matthiam
733 323 846 362 Devay,
870 324 1067 359 Pannonium,
1087 324 1254 351 redeuntem
1277 324 1307 351 in
1330 322 1463 359 patriam.

342 367 425 403 Papa
447 365 600 394 concilium
622 365 761 393 indictum
784 371 932 403 prorogat,
955 367 982 395 d.
1010 369 1037 394 1.
1057 366 1127 394 Maii
1151 367 1242 396 1538.
1271 366 1426 394 Vicentiae
1448 364 1621 393 habendum.

346 409 413 438 Mel.
433 413 549 436 enarrat
572 408 696 443 ethicen,
720 409 949 437 Demosthenem
975 414 1002 437 et
1022 409 1231 438 Ptolemaeum.

342 452 494 480 Matthiam
516 450 698 480 Garbitzium
720 453 903 479 commendat
925 452 1169 488 Tubingensibus.

315 515 322 522 .
347 495 415 522 Mel.
440 495 476 522 ad
494 494 696 522 Theodorum:
729 494 950 531 „Fribergensis
980 504 1038 522 non
1068 495 1176 522 desinit
1204 503 1248 521 me
1276 493 1448 530 gravissime
1477 501 1613 521 accusare
1640 493 1717 530 apud
1744 496 1875 520 nostrum
1905 492 2075 530 principem.
2121 492 2161 520 Et

379 538 519 565 iudicium
541 537 679 564 differtur.
724 536 812 564 Nunc
835 538 917 564 adest
940 538 1088 574 princeps3
1113 547 1150 564 an
1173 546 1286 564 mecum
1310 537 1368 564 sint
1387 536 1600 573 expostulaturi
1623 536 1750 563 nondum
1774 535 1864 563 sci0.“

346 580 464 608 Prolixe
486 580 586 608 scribit
609 580 645 607 ad
668 579 767 607 Vitum
791 580 977 608 Theodorum
1002 590 1059 617 quo
1083 580 1169 607 modo
1193 579 1391 607 defensionem
1415 587 1496 606 suam
1520 579 1598 616 apud
1621 578 1717 606 aulam
1740 578 1904 605 instituerit.
1931 595 1965 598 m
1992 577 2159 609 (Caeterum

380 623 452 651 nihil
474 623 587 660 legitur,
611 622 827 650 Melanthoncm
852 623 904 650 hac
925 623 954 650 in
976 633 1006 650 rc
1030 622 1163 650 debuisse
1186 622 1315 658 Principi
1340 622 1466 649 Electori
1489 623 1630 650 rationem
1653 622 1799 657 reddere.)

315 688 321 694 .
346 666 568 703 Propositiones
592 666 748 702 scripserat
771 666 806 693 de
829 666 989 694 sententia:
1013 665 1109 693 Deum
1131 665 1204 692 velle
1228 674 1329 692 omnes
1348 665 1481 692 homines
1500 665 1597 693 salvos
1619 664 1692 693 fieri.

344 709 507 736 Excuditur
530 708 706 744 Vitebergae
730 708 836 743 (altera.
858 708 933 744 vice)
957 708 1078 736 historia
1099 709 1133 736 de
1157 708 1291 736 Turcicis
1313 707 1452 744 Regibus,
1476 708 1522 735 cui
1546 707 1614 735 Mel.
1633 707 1713 734 addit
1735 705 1953 744 praefat-ionem.

344 752 486 787 Princeps
508 750 628 779 Elector
648 756 675 778 et
699 750 826 788 Landgr.
848 750 973 780 Hassiae
996 751 1138 785 scribunt,
1162 750 1350 778 Melanthone
1374 751 1541 787 interprete,
1567 750 1604 778 ad
1628 749 1806 784 Henricum,
1831 748 1941 786 Regem
1966 748 2100 786 Angliae,
2125 749 2161 777 de

378 795 476 822 futura
499 791 629 830 Synodo.

348 837 414 864 Mel.
438 837 475 864 ad
497 837 700 864 Theodorum:
731 836 822 872 „Post
848 836 914 864 illas
942 846 1033 873 nuper
1061 836 1097 863 de
1126 845 1171 863 me
1193 835 1416 863 deliberationes
1445 835 1577 870 habitas,
1607 836 1661 863 etsi
1684 836 1745 863 dies
1769 835 1838 862 mihi
1862 835 1939 862 dicta
1962 838 2040 869 erat,
2063 838 2160 862 tamen

379 879 502 907 Lutheri
525 880 642 907 morbus
663 880 802 915 impediit,
827 889 863 906 ne
887 879 955 915 quid
979 884 1122 916 ageretur.
1168 878 1283 905 Deinde
1307 879 1421 905 fuerunt
1444 878 1579 906 induciae
1634 878 1672 905 Et
1695 878 1899 914 Fribergensis
1922 877 1970 905 ille
1994 875 2159 918 δημήγορος

381 923 421 950 ita
442 923 509 957 ruit,
533 927 564 950 ut
587 922 740 959 displiceat
762 932 815 949 suo
838 922 981 949 theatr0.“

346 964 428 993 Lites
451 966 486 992 de
507 965 570 1002 lege
594 966 668 992 inter
691 965 861 1001 Agricolam
886 964 1103 997 et1Lutherum,
1127 963 1232 999 quibus
1256 963 1424 990 Melanthon
1448 972 1512 992 sese
1533 973 1592 992 non
1616 963 1808 992 immiscebat.

317 1031 323 1037 .
346 1009 484 1045 Myconio
507 1008 595 1035 mittit
618 1007 737 1034 Lutheri
761 1007 977 1044 propositiones
1001 1007 1036 1034 de
1060 1006 1131 1042 lege.

346 1051 412 1078 Hoc
425 1060 516 1078 anno:
539 1051 728 1087 praefatus
752 1055 793 1077 est
818 1051 846 1077 in
871 1059 985 1076 carmen
999 1048 1117 1076 Frederi
1141 1048 1177 1075 de
1195 1047 1329 1075 laudibus
1350 1047 1536 1085 Hamburgae
1555 1049 1627 1076 etin
1641 1049 1788 1076 Ambrosii
1802 1048 1930 1076 Moibani
1945 1048 2161 1076 catechismum.

539 1091 790 1127 Quaestiones
821 1092 953 1128 scripsit:
985 1092 1021 1119 dc
1043 1091 1248 1118 constitutione
1264 1091 1407 1119 Bonifacii
1429 1091 1521 1125 V111.‚
1557 1092 1668 1129 Papam
1682 1092 1788 1131 hab-ere
1817 1092 1862 1119 ius
1885 1091 2035 1128 utriusque
2055 1091 2162 1128 gladii3

570 1152 610 1156 —-
633 1144 670 1162 an
705 1135 798 1162 edicta
831 1135 1053 1171 Magistratuum
1092 1133 1201 1161 violare
1235 1135 1273 1161 sit
1308 1138 1463 1171 peccatum
1493 1134 1630 1168 mortale;
1660 1151 1694 1155 —
1727 1143 1763 1161 an
1793 1138 1944 1171 peccatum
1974 1134 2095 1162 mortale
2124 1134 2164 1162 sit

572 1177 682 1205 violare
706 1178 878 1205 traditiones
897 1177 1118 1215 Episcoporum.

997 1298 1152 1329 ANNO
1197 1298 1322 1330 15:38.

346 1388 493 1426 Georgius
520 1389 650 1426 Kargius
682 1389 762 1417 iussu
793 1389 937 1427 Principis
974 1389 1119 1418 Electoris
1162 1390 1360 1428 interrogatur
1391 1400 1409 1418 a
1438 1390 1581 1428 theologis
1609 1390 1869 1428 Vitebergensibus
1897 1394 2016 1429 propter
2045 1399 2159 1419 errores

381 1441 450 1461 suos
472 1433 502 1460 in
524 1433 657 1460 doctrina
681 1432 779 1460 christ.

345 1475 490 1503 Lutherus
510 1476 666 1512 Agricolae
689 1475 834 1502 interdicit
852 1484 935 1502 usum
956 1475 1109 1503 cathedrae
1128 1476 1158 1503 in
1171 1476 1340 1504 Academia.

345 1519 447 1545 Altera
470 1517 592 1545 Lutheri
616 1519 651 1545 de
674 1518 738 1553 lege
762 1518 919 1554 disputatio
938 1519 1077 1546 adversus
1102 1519 1279 1556 Agricolam.

344 1560 465 1588 Ineunte
488 1560 572 1588 Febr.
598 1561 664 1588 Mel.
689 1566 804 1587 enarrat
824 1560 927 1589 Fastos
953 1560 1060 1589 Ovidii.

345 1604 560 1631 Praefationem
580 1604 608 1631 in
633 1603 779 1631 Galenum
803 1604 889 1630 mittit
914 1604 1040 1632 Petreio.

343 1646 537 1684 Incipiunt
561 1646 747 1683 epistolae
770 1646 811 1673 ad
833 1647 1122 1683 Meienb'urgum.

343 1689 394 1717 Lis
417 1689 563 1726 Principis
587 1689 730 1716 Electoris
753 1698 818 1716 cum
842 1689 1022 1726 Archiepisc.
1048 1690 1220 1727 Moguntino
1243 1690 1278 1718 de
1302 1689 1502 1717 iurisdictione
1526 1689 1625 1726 aliqua
1644 1690 1673 1717 in
1697 1688 1813 1717 Salinis.

346 1732 414 1759 Mel.
439 1733 567 1768 queritur
590 1733 626 1759 de
649 1731 715 1759 aere
738 1732 886 1759 saxonico.

347 1775 470 1803 Ineunte
492 1776 577 1804 Mart.
603 1775 756 1811 Philippus
780 1774 982 1812 Landgravius
1005 1775 1179 1812 Vitebergae
1203 1781 1254 1804 est.

347 1817 488 1855 Princeps
512 1819 629 1846 Elector
650 1818 786 1845 mandata
815 1818 864 1845 dat
888 1817 1046 1846 Francisco
1070 1817 1256 1852 Bul-chardo,
1288 1818 1365 1846 Frid.
1391 1818 1527 1855 Myconio
1551 1821 1579 1845 et
1602 1817 1702 1846 Nobili
1727 1828 1743 1845 a
1765 1817 1948 1854 Boineburg,
1978 1818 2081 1855 legatis
2101 1818 2163 1846 suis

381 1862 418 1888 ad
442 1861 551 1896 Regem
578 1861 711 1897 Angliac.

347 1904 392 1931 De
417 1913 499 1931 sacra
522 1912 613 1931 coena
637 1903 703 1930 Mel.
726 1903 763 1930 ad
786 1903 884 1930 Vitum
906 1903 1104 1931 Theodorum.

348 1946 393 1973 De
416 1950 544 1980 cometa,
574 1946 624 1982 qui
647 1955 736 1973 mens.
760 1945 823 1973 Ian.
846 1945 931 1973 Febr.
957 1952 985 1973 et
1009 1947 1092 1974 Mart.
1122 1947 1217 1981 fulsit,
1247 1947 1347 1974 scribit
1376 1947 1412 1974 ad
1435 1944 1644 1974 Camerarium.
1670 1964 1709 1967 ——
1736 1945 1934 1982 „Schenckius
1962 1955 2039 1973 nunc
2068 1946 2160 1983 impu-

383 1989 521 2023 dentiam,
548 1989 633 2022 furta,
657 1988 853 2022 ambitionem,
873 1989 1039 2025 hypocrisin
1060 1998 1141 2017 suam
1161 1990 1201 2017 ita
1218 1990 1355 2026 prodidit,
1378 1994 1409 2017 ut
1427 1991 1462 2017 ad
1484 2000 1529 2017 me
1550 1990 1721 2017 laedendum
1742 1989 1812 2016 nihil
1832 1989 2158 2017 habeatauctoritatis.“

383 2032 465 2068 (Vid.
489 2032 574 2060 etiam
598 2030 716 2058 Lutheri
738 2042 782 2068 ep.
807 2031 843 2058 ad
867 2031 1052 2060 Franciscum
1078 2032 1184 2060 Burch.
1209 2033 1234 2060 d.
1259 2034 1284 2060 7.
1308 2032 1369 2060 Ian.
1393 2033 1418 2060 li.
1443 2036 1484 2068 a.)

349 2074 517 2103 Conventus
540 2074 765 2102 Protestantium
789 2073 976 2110 Brunsvigae

348 2118 517 2145 Melanthon
541 2117 734 2153 Brunsrigam
758 2117 957 2153 proficiscitur,
977 2117 1025 2145 ubi
1048 2118 1173 2145 triduum
1198 2122 1336 2146 versatur.

348 2160 461 2188 Finitur
484 2165 643 2187 conventus
667 2159 888 2187 Brunsvicensis

349 2203 457 2230 Narrat
482 2203 630 2230 historiam
655 2200 832 2229 Conventus.

349 2245 455 2274 Scribit
474 2246 510 2273 ad
534 2245 720 2273 Theodorum
745 2246 780 2272 de
812 2245 978 2281 praesentia
1002 2246 1131 2282 corporis
1154 2245 1263 2274 Christi
1286 2246 1314 2273 in
1338 2255 1430 2274 coena
1452 2255 1543 2274 sacra.

349 2287 487 2316 Defendit
510 2288 695 2325 astrologiam
720 2292 747 2315 et
770 2288 985 2315 divinationem.

350 2331 548 2359 l’roficiscitur
571 2332 607 2359 ad
631 2331 827 2358 Mai-chionen]
852 2330 1068 2367 Brandenburg.

349 2373 518 2402 Melanthon
542 2374 656 2410 eligitur
680 2373 787 2400 Rector
806 2373 981 2401 Academiae
1006 2373 1150 2410 Viteberg.

349 2416 545 2451 Burchardus,
567 2417 721 2454 Myconius
745 2422 772 2443 ct
793 2416 970 2452 Boinvburg,
994 2415 1091 2453 legati,
1115 2416 1334 2452 proficiscuntur
1358 2417 1386 2444 in
1412 2416 1557 2454 Angliam.

348 2459 415 2486 Mel.
437 2459 474 2486 ad
498 2459 600 2487 Ionam
623 2460 658 2487 de
682 2464 757 2486 statu
781 2459 969 2486 ecclesiarum
992 2459 1020 2485 in
1044 2458 1182 2488 Marchia.

348 2502 417 2529 Edit
439 2500 582 2539 Syntaxin
606 2503 727 2529 dicatam
752 2501 774 2529 I.
800 2502 896 2535 Ionae,
921 2501 990 2528 filio.

350 2544 464 2572 Foedus
487 2554 600 2572 sacrum
625 2545 804 2581 quorundam
827 2544 960 2572 ordinum
985 2543 1214 2577 Catholicorum,
1238 2548 1356 2572 auctore
1379 2544 1496 2579 Heldio,
1519 2543 1766 2571 Vicecancellario
1788 2542 1930 2578 Caesaris,
1953 2542 2071 2571 factum.

352 2586 531 2616 Sententiam
552 2588 620 2615 dicit
640 2588 675 2614 de
694 2588 875 2623 quaestione:
895 2596 932 2614 an
952 2587 1137 2622 Academiae,
1157 2596 1174 2615 a
1193 2588 1333 2615 Pontifice
1346 2587 1480 2615 Romano
1500 2596 1557 2614 non
1577 2586 1772 2621 confirmatae,
1792 2585 1880 2614 liceat
1895 2586 2003 2622 gradus
2015 2585 2157 2614 conferre.
