2299 2921
127 98 190 131 127
794 94 981 128 PHILIPPI
1002 92 1320 127 MELANTHONIS
1345 93 1506 126 OPERA.
2009 61 2013 65 -
2077 93 2141 126 128

128 196 207 233 Aug.
266 195 295 224 9,
319 193 445 222 Lithiasi
468 193 595 228 laborat,
618 193 667 230 qui
690 192 807 221 morbus
825 190 993 220 camerario
1017 199 1132 227 quoque
1154 189 1293 218 molestus
1313 194 1365 218 est.

243 238 290 266 10.
315 236 560 273 Ambergensibus
584 245 665 264 suam
688 235 787 263 scribit
810 234 982 261 sententiam
1005 233 1042 260 de
1064 232 1159 260 forma
1183 232 1361 269 agendorum
1382 240 1540 267 sacrorum,
1563 241 1648 269 quam
1670 231 1858 270 Vitebergam
1880 232 2027 261 miserant.

316 279 424 308 Probat
443 279 617 316 supplicium
637 279 672 306 de
695 276 816 305 Serveto
840 275 979 303 Genevae
1001 281 1156 312 sumptum.
1201 274 1283 311 (Vid.
1308 274 1394 302 etiam
1417 284 1462 312 ep.
1484 275 1511 302 d.
1539 275 1584 303 10.
1608 275 1700 312 Aug.)

240 323 289 351 28.
311 321 424 351 Ultima
442 321 639 349 Melanthonis
663 320 746 356 epist.
767 319 803 346 ad
828 318 913 346 Mich.
935 318 1155 355 Meienburgum
1178 317 1331 346 seniorem.

314 365 436 393 Iacobus
460 363 594 400 Rungius
625 363 681 390 hoc
704 370 802 389 mense
823 361 903 388 venit.
925 360 1123 397 Vstebergam,
1146 361 1251 388 missus
1270 370 1288 387 a
1310 359 1393 388 Duce
1415 359 1620 395 Pomeraniae,
1644 365 1675 388 ut
1692 360 1888 389 Melanthonis
1918 360 2058 389 iudicium
2085 370 2136 389 au·

349 407 409 435 diat
431 406 466 433 de
490 405 694 434 controversiis
716 405 746 431 in
770 403 904 432 Ecclesia
927 403 1119 431 Pomeranica
1137 403 1263 440 agitatis.
1310 402 1371 440 (Cf.
1393 412 1437 439 ep.
1463 403 1490 431 d.
1517 402 1566 432 26.
1590 401 1672 439 Oct.)

124 450 205 489 Sept.
267 450 293 478 2.
316 448 485 477 Melanthon
504 448 641 475 mandata
664 447 771 483 accipit
792 447 827 474 ab
847 446 997 481 Electorc,
1024 450 1055 473 ut
1077 456 1108 474 se
1135 456 1200 474 cum
1223 445 1282 473 alio
1305 446 1424 474 doctore
1442 445 1588 483 Lipsiensi
1611 445 1740 474 conferat
1759 445 1974 483 Norinbergam
1996 446 2033 475 ad
2057 455 2135 475 conl-

347 491 498 529 ponendas
520 490 560 518 ibi
584 491 796 518 controversias
820 498 856 516 ex
880 488 1018 516 Osiandri
1042 490 1186 517 sententia
1209 493 1296 516 ortas*

313 533 436 561 Ineunte
458 533 514 560 hoc
533 542 631 560 mense
654 533 776 561 moritur
801 532 887 560 Mich.
911 531 1148 568 Meienburg‚
1172 531 1273 559 consul
1295 530 1510 559 Northusanus.

261 579 288 606 5.
312 576 484 604 Melanthon
508 576 627 603 remittit
651 574 771 603 Senatui
795 576 969 611 Augustano
993 574 1171 612 agendorum
1190 582 1338 601 sacrorum
1361 573 1482 601 formam
1501 573 1556 601 sibi
1574 573 1700 601 missam.

260 621 288 649 8.
311 618 490 651 Sabinus,
511 618 707 646 Melanthonis
731 627 829 655 gener,
853 622 895 645 est
918 617 948 644 in
972 617 1131 644 Academia
1149 615 1406 645 Franeofordiana.

260 663 288 691 9.
308 661 478 689 Melanthon
502 666 543 688 est
564 660 726 689 Dessaviae
749 661 785 688 ad
807 660 1036 697 componendam
1054 660 1134 687 litem
1158 659 1312 687 Pastorum
1331 656 1559 687 Servestensium
1583 659 1619 686 de
1637 658 1795 687 infantibus
1813 667 1872 687 non
1891 658 2057 695 baptizatis.

238 706 285 734 13.
308 704 479 732 Melanthon
502 704 606 731 iteruin
629 708 673 732 est
695 703 881 740 Vitebergae.

235 748 282 777 14.
305 746 443 783 Queritur
463 746 644 781 Melanthon,
669 745 807 783 epistolas
826 754 893 773 suas
912 745 1048 782 intercipi
1071 754 1088 772 a
1107 744 1263 772 Flaciam‘s.

128 792 176 821 16.
200 791 245 820 vel
277 792 324 819 17.
348 790 434 817 Iussu
458 789 601 817 Electoris
630 789 821 826 proficiscitur
842 787 1072 825 Norinbergam‚
1103 787 1255 815 comitibus
1274 786 1422 814 Ioachimo
1440 785 1624 820 camerario,
1659 784 1830 813 Alexandro
1849 786 1966 821 Alesio,
1997 785 2134 814 Mauritio

349 832 479 869 Helingo
503 837 530 859 et
554 831 663 860 Iacobo
687 831 814 868 Rungio.

241 876 290 906 26.
312 874 425 903 Diebus
451 873 586 903 26—30.
610 872 690 912 Sept.
714 878 781 902 sunt
804 882 980 910 congressus
1002 872 1219 909 Theologorum
1242 870 1454 908 Norinbergae.

310 919 377 946 Mel.
401 917 501 945 scribit
525 917 661 944 iudicium
696 917 731 944 de
757 916 970 950 iustificatione,
995 915 1041 943 cui
1065 923 1175 949 omnes⁷
1210 918 1325 952 praeter
1358 912 1554 941 Culmannum
1577 916 1605 940 et
1628 911 1789 946 Vetterum,
1823 911 2016 940 subscribunt.
2060 911 2136 940 Item

347 960 447 989 scribit
470 961 630 988 orationem
653 960 682 988 in
703 968 760 997 qua
782 960 819 987 ad
839 959 1023 987 concordiam
1041 957 1210 994 Theologos
1233 957 1374 991 hortatur,
1405 962 1433 985 et
1467 956 1640 984 concionem
1664 963 1777 983 sacram
1797 964 1814 982 a
1836 954 1954 992 Rungio
1972 955 2003 982 in
2025 954 2136 992 templo

358 1003 495 1031 habitam.

319 1046 391 1074 Ibid.
416 1044 564 1083 praefatur
586 1046 615 1072 in
639 1043 803 1073 Conciones
824 1042 951 1081 Georgii
974 1043 1022 1071 Pr.
1048 1042 1202 1071 Anhaltini
1225 1042 1361 1070 edendas.

133 1089 199 1119 Oct.
268 1091 296 1119 7.
321 1088 492 1117 Melanthon
511 1089 566 1116 iter
589 1088 748 1125 ingreditur
772 1088 898 1116 domum.

269 1133 297 1162 9,
324 1132 378 1159 Est
400 1130 538 1168 Coburgi.

242 1175 290 1204 26.
313 1174 429 1202 Iudicat
453 1174 488 1201 de
512 1173 710 1201 controversia
732 1173 807 1200 inter
830 1172 989 1200 Frederum
1015 1176 1043 1198 et
1065 1171 1245 1208 Artopaeum
1267 1170 1302 1197 de
1325 1169 1517 1197 ordinatione.

126 1218 205 1248 Nov.
264 1220 290 1248 1.
315 1217 441 1245 Fredero
464 1216 521 1254 ipsi
549 1216 649 1244 scribit
672 1216 708 1243 de
731 1216 832 1243 eadem
856 1214 1064 1243 controversia.

263 1261 291 1289 2.
316 1259 512 1288 Melanthouis
535 1259 593 1287 loci
616 1267 782 1287 communes
807 1267 875 1285 cura
894 1257 1018 1284 Davidis
1040 1255 1179 1293 Chytraei
1203 1259 1410 1283 convertuntur
1433 1255 1463 1281 in
1486 1254 1641 1281 dialectum
1663 1253 1810 1283 saxoniae
1829 1252 1984 1282 inferioris.

265 1305 292 1332 5.
316 1304 392 1331 Acta
414 1301 666 1339 Norinbcrgensia
688 1302 765 1339 typis
790 1300 1000 1328 exscribuntur.

245 1347 292 1375 10.
316 1345 434 1383 Lipsiae
458 1348 501 1372 est
524 1345 561 1372 ad
585 1344 783 1382 explorandos
802 1342 1001 1376 scholasticos,
1025 1341 1074 1378 qui
1096 1340 1213 1378 publica
1231 1339 1404 1368 liberalitate
1426 1339 1550 1367 aluntur.

352 1387 451 1415 Medio
475 1396 574 1415 mense
596 1388 698 1415 iterum
724 1386 824 1414 scribit
846 1386 882 1413 de
904 1383 1069 1413 Culmanno
1093 1388 1122 1412 et
1144 1384 1181 1412 de
1204 1383 1402 1412 controversia
1424 1381 1616 1410 Osiandriaca
1639 1379 1843 1418 Norinbergae
1867 1380 1985 1418 agitata.

244 1433 290 1461 14.
312 1430 409 1459 Procli
431 1429 561 1457 libellum
584 1430 670 1457 mittit
693 1429 849 1467 Chytraeo.

243 1475 292 1504 25.
316 1476 392 1502 Acta
414 1472 628 1510 Norinbergica
652 1472 728 1500 edita
757 1477 832 1500 sunt.

245 1517 293 1546 28.
317 1517 458 1553 Princeps
480 1515 630 1543 Palatinus
654 1519 682 1543 et
703 1514 774 1542 Dux
798 1512 1084 1550 wurtembergensis
1106 1516 1209 1550 petunt
1229 1521 1245 1539 a
1264 1511 1399 1547 Principe
1422 1509 1557 1538 Electore
1576 1508 1656 1543 Sax.‚
1679 1513 1710 1536 ut
1733 1512 1895 1537 conventus
1917 1507 2138 1545 Theologorum

352 1559 578 1595 discrepantium
602 1562 780 1586 convocetur
802 1562 868 1584 ante
892 1556 1008 1584 comitia
1031 1555 1267 1589 Ratisbonensia‚
1292 1554 1328 1582 ad
1351 1553 1473 1582 Calend.
1497 1553 1581 1580 Mart.
1608 1552 1697 1581 1556.
1728 1551 1871 1579 habenda.

134 1603 205 1633 Dec.
277 1605 303 1632 1.
326 1602 368 1631 Io.
394 1601 533 1638 Stigelius
555 1602 625 1639 petit
649 1611 666 1628 a
684 1600 882 1634 Melanffione,
901 1604 933 1626 ut
951 1598 1067 1627 Calvini
1090 1598 1239 1626 doctrinae
1262 1598 1298 1625 de
1316 1606 1398 1625 sacra
1419 1605 1510 1623 coena
1533 1595 1719 1623 contradicat.

319 1645 385 1674 Hoc
408 1650 537 1682 tempore
558 1644 728 1672 Melanthon
752 1652 836 1672 suum
859 1642 998 1670 iudicium
1021 1641 1131 1676 scribit,
1164 1650 1202 1668 an
1225 1640 1369 1669 conducat
1391 1642 1564 1667 conventum
1592 1636 1811 1674 Theologorum
1834 1634 2014 1664 convocare?
2059 1635 2139 1673 quod

350 1693 448 1725 negat.

264 1733 292 1760 7.
316 1731 368 1759 Est
388 1730 619 1767 Brandmxburgi,
643 1739 701 1766 quo
724 1728 863 1756 conduxit
887 1728 963 1756 filias
986 1725 1087 1755 Sabini
1111 1726 1148 1754 ad
1171 1726 1352 1754 salutandam
1376 1728 1496 1752 matrem
1516 1723 1616 1760 patris,
1639 1722 1678 1750 ibi
1705 1722 1860 1750 viventem.

246 1775 295 1802 25.
321 1774 473 1802 Praefatur
492 1773 522 1800 in
546 1772 666 1800 Burenii
685 1772 848 1799 orationem
872 1771 907 1798 de
929 1774 1006 1798 recte
1028 1769 1207 1797 instituenda
1229 1768 1329 1796 schola
1352 1767 1559 1795 Rostochiana.

318 1816 385 1844 Hoc
409 1825 485 1844 anno
505 1820 655 1853 praeterea
678 1815 792 1851 scripsit
816 1815 851 1842 de
874 1813 989 1841 iudiciis
1008 1813 1038 1840 in
1057 1812 1190 1840 Ecclesia
1213 1810 1399 1842 necessariis;
1433 1810 1468 1837 de
1501 1808 1716 1846 propositione:
1751 1805 1883 1835 Christus
1918 1810 1963 1835 est
1990 1811 2138 1840 creatura;

355 1859 391 1887 de
414 1858 659 1896 omnipraesentia
681 1856 754 1890 Dei;
778 1857 813 1884 de
836 1855 1064 1884 mutuationibus
1084 1860 1111 1882 et
1134 1854 1238 1883 usuris.

976 1979 1134 2011 ANNO
1172 1979 1297 2010 1556.

132 2075 194 2103 Ian.
272 2074 299 2102 6.
325 2071 477 2110 Staphylo‚
497 2072 545 2109 qui
569 2071 659 2098 edidit
681 2070 821 2107 scriptum
844 2074 945 2096 contra
965 2067 1161 2101 Lutheranos,
1184 2074 1376 2103 responsurus
1405 2069 1456 2092 est.

249 2116 295 2146 19.
320 2116 449 2144 Flaciani
470 2114 615 2150 Theologi
640 2113 848 2146 (Ammonius,
871 2110 1051 2148 Schnepfius,
1075 2108 1239 2147 Strigeh'us⁷
1259 2106 1394 2142 Stolzius‚
1421 2106 1588 2142 Aurifaber)
1623 2111 1651 2134 et
1668 2105 1756 2143 legati
1790 2103 1916 2132 Palatini
1940 2108 1967 2131 et
1990 2101 2138 2131 Wiirtem-

354 2159 508 2194 bergenses
532 2157 692 2184 Wimariae
711 2155 885 2183 conveniunt
909 2159 937 2182 et
959 2154 1117 2182 decernunt
1146 2152 1268 2180 firmiter
1296 2151 1449 2178 tenendam
1478 2159 1542 2178 esse
1562 2148 1682 2176 Luthen·
1709 2147 1869 2176 doctrinam
1894 2146 1930 2174 de
1952 2146 2044 2174 libero
2063 2146 2140 2174 arbi·

353 2202 409 2229 trio
429 2201 504 2228 etde
528 2208 619 2227 coena
648 2208 738 2226 sacra.

249 2245 295 2273 15.
317 2244 485 2272 Melanthon
507 2242 655 2280 praefatur
672 2242 703 2269 in
726 2240 808 2268 Lasii
830 2239 976 2268 fibellum:
999 2239 1115 2275 „gumen
1134 2237 1250 2266 memor
1277 2242 1329 2266 bon
1349 2236 1407 2265 hem
1430 2236 1572 2265 nertotnen
1592 2233 1726 2270 &1341an

249 2287 297 2316 20.
322 2287 473 2314 Praetorio
495 2285 593 2313 scribit
615 2285 650 2312 de
673 2283 733 2311 filio
756 2283 822 2311 Dei.

321 2330 456 2357 Exeunte
478 2328 614 2356 Ianuario
638 2326 746 2354 Paulus
768 2325 820 2353 IV.
840 2325 922 2362 Papa
955 2330 1095 2352 convocat
1118 2323 1157 2351 24
1186 2321 1366 2356 Cardinales,
1402 2322 1441 2350 45
1463 2320 1627 2359 Episcopus
1660 2323 1687 2346 et
1713 2318 1772 2346 150
1795 2315 1938 2345 Doctores
1960 2316 2082 2352 Romae,
2107 2321 2138 2345 ut

359 2372 480 2400 consilia
501 2370 651 2399 conferant
669 2370 705 2397 de
728 2368 908 2397 emendanda
928 2367 1070 2395 Ecclesia.

135 2415 220 2444 Febr.
270 2414 296 2443 2.
321 2415 451 2443 Peucero
472 2414 600 2442 nascitur
622 2412 682 2440 filia
704 2412 798 2440 tertia.

321 2457 491 2485 Melanthon
513 2455 658 2484 Dresdam
682 2460 810 2489 vocatur,
833 2454 870 2481 ad
893 2451 1120 2486 deliberandum,
1143 2459 1182 2478 an
1203 2450 1353 2484 conducat,
1377 2454 1408 2478 ut
1429 2454 1494 2477 ante
1519 2447 1636 2477 comitia
1658 2445 1884 2474 Ratisbonensia
1901 2444 2048 2482 Theologi
2071 2453 2140 2473 con·

362 2501 480 2528 veniant
502 2498 675 2528 concordiae
699 2497 850 2525 faciendae
868 2504 963 2523 causa.

268 2543 297 2572 8.
320 2542 387 2571 Hoc
409 2542 470 2570 fere
491 2542 537 2570 dic
560 2540 730 2569 Melanthon
753 2539 897 2568 Dresdam
922 2537 1126 2576 proficiscitur.
