2299 2921
159 99 224 132 221

163 196 199 224 In
217 195 376 224 ethicorum
398 192 567 221 Aristotelis
588 191 653 221 libr.
674 192 745 220 585.

163 239 199 267 In
219 241 404 267 commentar.
427 236 458 264 in
482 236 564 273 epist.
589 234 674 262 Pauli
697 234 733 262 ad
751 233 837 262 Rom.
863 233 933 262 611.

163 282 199 310 In
223 281 384 310 encomium
404 277 614 307 Demosthenis
633 286 669 305 ex
691 276 823 305 Luciano
846 276 917 305 635.

163 325 197 353 In
222 324 338 353 Aelium
360 321 509 350 Donatum
533 321 603 349 664.

164 367 200 396 In
221 367 298 395 Acta
319 365 396 394 edita
418 364 453 392 de
477 363 566 401 legati
597 362 737 400 pontificii
772 361 935 390 actionibus
963 371 1027 390 cum
1056 360 1140 389 Duce

207 408 317 438 saxon.
340 407 434 436 Elect.
459 407 529 435 667.

164 452 199 481 In
217 451 420 488 inscriptiones
443 449 596 478 vetustatis
619 448 729 486 Apiani
753 452 781 475 et
798 447 928 475 Amantii
952 447 1024 476 697.

163 494 199 524 Iu
221 494 338 523 Erasmi
371 493 440 522 Rot.
472 493 563 521 libros
591 490 631 527 Π,
665 491 702 519 de
732 490 841 527 duplici
872 489 958 527 copia
986 489 1139 518 verborum

165 580 200 608 In
221 579 378 608 Pnrbachii
401 579 521 606 librum:
544 577 653 605 Theor.
677 576 859 614 planetarum
884 575 954 603 814.

166 623 200 651 In
227 623 437 651 enarrationem
461 621 571 657 aliquot
588 619 687 647 libror.
712 619 831 647 ethicor.
856 618 1023 647 Aristotelis
1044 618 1113 647 849.

167 665 202 694 In
226 674 332 694 novam
356 665 422 693 edit.
447 664 536 692 locor.
561 662 688 699 theolog.
712 662 748 690 ad
771 661 932 690 Henricnm
955 660 1029 698 Reg.
1054 660 1141 697 Angl.
1168 651 1172 709 Ι

212 703 282 738 920.

581 782 647 811 Vol.
670 781 724 811 III.

167 842 203 872 In
227 843 449 872 Arithmeticam
474 842 524 871 93.

166 886 202 914 In
226 885 427 914 Geometrium
453 886 522 914 107.

167 928 203 956 In
222 928 365 958 Schoneri
386 927 501 956 tabulas
523 927 733 956 astronomicas
760 927 828 954 115.

168 970 202 999 In
222 972 380 1000 chronicon
404 971 526 999 Abbatis
548 969 760 1006 Ursbergensis
784 968 854 996 216.

167 1013 356 1052 Epigramma
378 1014 408 1041 in
432 1012 663 1048 Matth.-Devay
685 1016 871 1039 commentar.
901 1010 931 1038 in
960 1019 1005 1047 ep.
1030 1009 1066 1037 ad
1088 1007 1144 1037 Co-

210 1057 280 1085 loss.
301 1056 371 1084 336.

167 1098 203 1127 In
225 1098 428 1136 philosophiae
450 1097 568 1125 moralis
590 1097 736 1134 epitomen
762 1096 832 1124 359.

167 1140 202 1169 In
221 1141 343 1170 Psalter.
366 1140 489 1169 Davidis
511 1140 638 1168 carmine
661 1138 763 1166 reddit.
787 1138 823 1166 ab
848 1137 921 1166 Eob.
950 1136 1047 1166 Hesso
1071 1137 1142 1166 393.

167 1184 202 1212 In
221 1185 386 1212 rudimenta
407 1182 602 1211 astronomica
625 1181 778 1219 Alfragani
802 1181 878 1208 Alba
901 1180 1012 1217 'segnis
1036 1181 1106 1208 400.

166 1226 202 1254 In
225 1227 309 1255 Pauli
328 1226 401 1254 Iovii
424 1225 612 1254 Turcicarum
631 1234 726 1252 rerum
752 1228 936 1252 commentar.
962 1223 1033 1251 440.

166 1269 202 1297 In
225 1269 343 1298 Frederi
365 1278 480 1297 carmen
504 1269 535 1296 in
558 1268 673 1295 laudem
697 1267 775 1295 urbis
798 1266 985 1303 Hamburgae
1008 1266 1078 1294 464.

167 1312 202 1340 In
228 1311 334 1340 Galeni
357 1321 445 1348 opera
469 1312 539 1340 489.

166 1354 202 1382 In
225 1354 362 1392 syntaxin
385 1354 504 1382 latinam
529 1353 599 1382 529.

167 1397 202 1425 In
226 1396 414 1426 Germaniam
437 1397 533 1425 Taciti
558 1396 628 1424 565.

167 1439 202 1468 In
220 1439 321 1468 Ioaim.
344 1440 380 1467 de
403 1439 493 1468 Sacro
513 1438 606 1466 Busto
629 1437 718 1467 libell.
742 1438 778 1465 de
801 1437 868 1465 anni
891 1437 1012 1473 ratione,
1025 1446 1048 1467 s.
1066 1447 1143 1467 com-

210 1488 311 1519 putum
330 1482 556 1511 ecclesiasticum
578 1482 648 1509 573.

166 1524 202 1553 In
225 1524 374 1562 Rudolphi
396 1524 555 1562 Agricolae
576 1523 792 1552 lucubrationes
816 1523 886 1552 673.

167 1567 202 1596 In
223 1567 328 1596 librum
351 1568 387 1596 de
406 1567 556 1596 Ecclesiae
578 1567 750 1594 auctoritate
774 1567 790 1593 7
797 1566 845 1595 22.

168 1610 202 1638 In
225 1610 281 1639 Iac.
306 1611 416 1648 Micylli
439 1610 543 1638 librum
567 1610 602 1637 de
625 1619 656 1637 re
679 1609 798 1637 metrica
823 1609 894 1638 756.

168 1653 202 1681 In
224 1654 345 1682 librum:
371 1655 425 1683 OEin
445 1654 608 1690 uusserlesene
632 1652 752 1688 emunit
773 1653 843 1680 877.

166 1695 202 1724 In
226 1697 449 1725 commentarios
467 1697 497 1724 in
522 1696 605 1733 epist.
632 1695 715 1723 Pauli
739 1695 776 1722 ad
799 1694 885 1723 Rom.
908 1695 978 1723 896.

167 1739 202 1767 In
222 1739 327 1767 librum
347 1740 382 1767 de
404 1740 501 1767 anima
523 1739 593 1766 907.

167 1781 203 1809 In
221 1781 330 1811 Collini
354 1791 468 1810 carmen
491 1781 527 1809 de
549 1781 662 1808 latrone
685 1781 714 1808 in
737 1789 821 1808 cruce
847 1781 917 1808 971.

169 1823 204 1851 In
222 1824 448 1861 Xenophontem
471 1824 560 1852 1113.

170 1866 203 1894 In
225 1867 336 1904 Micylli
355 1867 575 1904 grammaticam
603 1866 692 1894 1118.

588 1942 655 1970 Vol.
679 1941 729 1969 IV.

168 2012 203 2040 In
226 2011 387 2039 Hofmanni
411 2020 455 2047 ep.
476 2010 559 2038 Pauli
583 2011 618 2038 ad
642 2008 754 2038 Coloss.
776 2010 844 2038 105.

169 2055 202 2082 In
228 2055 303 2082 Acta
326 2053 550 2082 Ratisbonensia
574 2053 664 2080 latina
688 2053 759 2081 664.

168 2097 203 2125 In
229 2099 304 2125 Acta
326 2096 479 2124 Ratisbon.
498 2097 666 2133 germanica
691 2095 761 2123 728.

168 2140 203 2168 In
227 2149 314 2177 opera
336 2148 388 2167 sua
410 2138 544 2167 Basileae
567 2139 602 2166 ab
627 2138 775 2175 Hervagio
799 2138 876 2166 edita
900 2138 968 2166 715.

168 2182 203 2210 In
226 2183 344 2210 librum:
369 2179 552 2218 Colloquium
577 2181 792 2209 Wormatiense
817 2180 886 2208 722.

168 2224 203 2252 In
226 2225 306 2254 locos
328 2224 415 2253 theol.
438 2225 593 2261 g‹·rmanic.
619 2225 689 2252 835.

169 2267 203 2295 In
226 2268 286 2295 Viti
307 2267 456 2295 Theodori
477 2272 661 2296 commentar.
686 2267 716 2293 in
738 2266 864 2294 Micham
890 2266 959 2294 887.

168 2310 202 2338 In
222 2310 335 2339 Brentii
358 2311 582 2350 commentarios
605 2310 640 2337 de
662 2309 840 2346 poenitentia
867 2309 955 2337 1039.

591 2387 656 2414 Vol.
679 2386 715 2414 V.

169 2455 203 2483 In
226 2454 331 2484 Stifelii
355 2455 497 2484 arithmet.
525 2456 552 2484 6.

169 2498 204 2526 In
227 2503 410 2527 commentar.
434 2499 465 2525 in
486 2497 639 2526 Danielem
660 2498 687 2526 8.

169 2540 203 2569 In
227 2541 389 2569 Bibliandri
412 2540 587 2569 Alcoranum
614 2542 660 2569 10.

566 97 604 129 11.
624 95 809 128 INDlCES.
850 94 887 127 F.
910 93 1051 126 INDEX
1073 90 1423 125 PRAEFATtONUM
1440 89 1770 123 MELANTHONlS.

2106 89 2170 120 222

1189 188 1225 217 In
1247 187 1327 225 Nopi
1350 187 1500 215 axiomata
1519 185 1669 224 religionis
1691 194 1708 212 a
1729 182 1845 212 Collino
1868 184 1946 212 edita
1967 184 2017 213 84.

1190 231 1225 259 In
1253 231 1372 259 librum:
1399 229 1581 258 Reformatio
1607 227 1759 256 Ecclesiae
1787 225 1975 255 Coroniensis
2005 227 2074 257 172.

1191 273 1226 302 In
1248 274 1333 302 Tom.
1353 272 1376 301 I.
1401 276 1591 302 commentar.
1616 271 1738 298 Lutheri
1760 270 1791 297 in
1815 267 1946 298 Genesin
1971 269 2040 298 258.

1191 316 1227 345 In
1249 316 1362 345 Brentii
1385 313 1602 343 Catechismum
1627 314 1698 342 274.

1192 359 1227 387 In
1250 358 1386 389 Schui‘eri
1410 359 1440 386 in
1465 357 1600 386 Ciceron.
1623 356 1690 384 dial.
1709 356 1745 383 de
1769 358 1915 383 senectute
1941 354 2011 383 328.

1193 402 1228 430 In
1250 402 1370 431 Burenii
1393 402 1556 430 orationem
1575 400 1611 428 de
1634 399 1742 427 scholis
1765 398 1875 426 literar.
1896 398 1967 426 485.

1193 445 1228 473 In
1249 445 1330 474 locos
1354 444 1534 481 theologicos
1554 443 1625 471 499.

1193 487 1228 516 In
1251 487 1467 526 grammaticam
1490 486 1609 515 latinam
1634 485 1704 514 507.

1193 530 1229 558 In
1252 531 1414 559 versionem
1439 530 1474 558 V.
1497 529 1532 558 T.
1556 527 1776 556 alexandrinam
1799 525 1932 554 Basileae
1955 525 2061 554 editam
2080 525 2151 554 535.

1195 573 1230 601 [n
1253 574 1456 601 annotationes
1474 573 1504 600 in
1527 570 1690 607 Evangelia
1715 569 1784 597 560.

1167 596 1171 649 1
1194 616 1229 644 In
1253 625 1370 644 carmen
1393 614 1558 652 Rubigalli:
1582 612 1810 649 Hodoeporicon
1830 616 1884 639 etc.
1909 610 1978 640 564.

1194 658 1230 687 In
1253 659 1384 687 Terentii
1408 656 1584 686 Comoedias
1607 666 1625 684 a
1648 655 1816 684 Camerario
1840 654 1931 682 editas
1956 654 2026 683 567.

1169 711 1173 726 ¹
1195 701 1229 729 Iu
1253 702 1337 730 Tom.
1360 700 1383 729 I.
1408 710 1529 738 operum
1551 699 1674 727 Lutheri
1697 697 1814 726 latinor.
1841 697 1912 726 691.

1169 742 1173 766 ¹
1195 744 1230 772 In
1253 744 1373 772 Lutheri
1396 743 1605 781 praelectiones
1628 742 1658 770 in
1682 740 1811 768 Hoseam
1836 739 1907 768 760.

1197 787 1231 815 In
1254 787 1413 824 Augustini
1436 786 1540 814 librum
1564 786 1598 813 de
1621 784 1726 822 spiritu
1749 787 1777 810 et
1798 783 1883 810 litera
1903 783 1974 810 803.

1197 829 1232 857 In
1255 830 1395 859 Schoneri
1417 829 1522 857 librum
1541 829 1576 856 de
1599 827 1714 855 iudiciis
1732 826 1914 853 nativitatum
1937 825 2007 854 817.

1197 872 1231 900 In
1253 872 1382 911 Lycurgi
1405 873 1564 900 orationem
1589 879 1693 898 contra
1716 867 1888 897 Leocratem
1911 867 1982 897 836.

1196 914 1231 943 In
1255 916 1434 944 harmoniam
1458 915 1493 942 de
1516 913 1650 952 passione
1674 912 1783 940 Christi
1804 912 1875 940 918.

1618 1006 1684 1034 Vol.
1707 1004 1757 1033 VI.

1195 1084 1229 1112 In
1250 1084 1372 1112 Lutheri
1395 1083 1607 1112 enarrationem
1632 1081 1742 1110 Psalmi
1766 1080 1886 1109 secundi
1909 1080 1958 1109 87.

1195 1127 1229 1155 In
1250 1126 1453 1164 Cautagieseri
1477 1125 1581 1154 librum
1604 1125 1640 1152 de
1662 1124 1846 1152 matrimonio
1870 1123 1919 1152 97.

1195 1170 1229 1197 In
1248 1170 1332 1198 Tom.
1356 1168 1395 1197 Π.
1419 1178 1539 1207 operum
1558 1167 1679 1196 Lutheri
1702 1167 1856 1195 latinorum
1884 1166 1953 1194 155.

1195 1212 1229 1240 In
1252 1212 1373 1240 Luthcri
1397 1212 1476 1241 lib1·.:
1500 1210 1649 1247 Qurnung
1669 1219 1702 1239 an
1723 1211 1806 1239 metue
1827 1210 1911 1239 liebeu
1932 1207 2080 1245 Deutfdyen
2103 1208 2171 1236 190.

1195 1255 1229 1283 In
1252 1255 1435 1283 collationem
1457 1254 1603 1283 actionum
1632 1253 1789 1281 forensium
1812 1253 1976 1280 Atticarum
1995 1256 2023 1280 ct
2045 1250 2174 1279 Roman.

1241 1298 1310 1326 225.

1195 1340 1229 1368 In
1252 1350 1358 1369 novam
1382 1340 1449 1368 edit.
1473 1339 1563 1367 libelli
1586 1338 1707 1367 Lutheri
1732 1344 1785 1369 bon
1805 1340 1849 1368 ner
1868 1337 2021 1375 fflotssoeebt
2045 1337 2116 1366 356.

1196 1383 1230 1411 In
1250 1388 1407 1412 erotemata
1430 1383 1598 1411 dialectices
1625 1382 1696 1411 653.

1195 1426 1229 1454 In
1254 1426 1341 1455 Eberi
1364 1426 1515 1454 historiam
1539 1424 1640 1463 populi
1663 1425 1770 1452 iudaici
1795 1423 1866 1452 862.

1608 1518 1673 1547 Vol.
1699 1517 1763 1547 Vll.

1196 1640 1230 1668 In
1255 1640 1358 1668 librum
1379 1639 1538 1668 Ptolemaei
1558 1640 1779 1667 mathematicae
1802 1637 2025 1666 constructionis
2049 1637 2121 1664 405.

1197 1683 1230 1710 In
1254 1683 1337 1711 initia
1359 1683 1506 1710 doctrinae
1528 1682 1667 1719 physicae
1691 1682 1761 1710 472.

1198 1725 1231 1753 In
1252 1725 1395 1763 Kragenii
1414 1725 1535 1753 librum:
1560 1733 1620 1755 nom
1641 1725 1723 1754 Qube
1747 1724 1848 1753 &once
1873 1724 1943 1752 494.

1197 1768 1231 1796 In
1254 1768 1350 1797 Lossii
1377 1768 1489 1796 cantica
1513 1777 1595 1795 sacra
1619 1768 1724 1796 veteris
1747 1766 1897 1794 Ecclesiae
1920 1764 1990 1793 528.

1197 1811 1231 1839 In
1256 1811 1369 1849 Aesopi
1389 1810 1502 1838 fabulas
1525 1820 1543 1837 a
1562 1810 1710 1839 Camerar.
1735 1810 1827 1837 editas
1852 1808 1922 1836 561.

1198 1854 1232 1882 In
1251 1854 1372 1882 Lutheri
1395 1853 1500 1881 libxum
1524 1854 1559 1880 de
1582 1853 1746 1882 novissimis
1771 1851 1865 1880 verbis
1888 1850 1994 1878 David.
2019 1850 2091 1879 581.

1198 1897 1233 1925 In
1255 1897 1339 1925 Tom.
1359 1896 1412 1923 111.
1435 1906 1553 1934 operum
1577 1896 1697 1924 Lutheri
1715 1894 1904 1932 germanicor.
1930 1894 2000 1922 613.

1198 1939 1231 1968 In
1255 1940 1467 1968 enarrationem
1492 1939 1603 1968 Eccles.
1629 1938 1736 1967 salom.
1763 1938 1831 1966 669.

1197 1982 1231 2010 In
1255 1983 1365 2010 ethicae
1387 1982 1536 2010 doctrinae
1560 1982 1702 2009 elementa.
1726 1982 1796 2009 [564.

1198 2025 1231 2053 In
1255 2025 1390 2054 Menzelii
1413 2025 1564 2062 epicedion
1588 2023 1828 2061 Spangenbergio
1847 2023 1986 2060 scriptum
2011 2021 2080 2050 696.

1198 2068 1231 2096 In
1255 2069 1338 2097 Tum.
1361 2067 1413 2096 IV.
1436 2077 1555 2104 operum
1578 2066 1698 2095 Lutheri
1721 2067 1911 2103 germanie—or.
1938 2065 2008 2094 698.

1168 2144 1171 2157 ¹
1198 2111 1231 2139 In
1256 2111 1481 2149 explicationem
1501 2111 1678 2147 proverbior.
1697 2109 1805 2138 Saloni.
1832 2109 1901 2136 705.

1169 2170 1172 2215 Ι
1197 2154 1231 2182 In
1256 2153 1455 2183 Goldwurm's
1479 2153 1612 2182 Historia
1635 2162 1691 2181 von
1714 2152 1819 2189 Ioseph
1845 2151 1916 2179 717.

1197 2197 1231 2225 In
1254 2197 1359 2225 librum
1382 2197 1417 2224 de
1441 2196 1577 2232 coniugio
1598 2196 1668 2225 769.

1197 2240 1230 2268 In
1255 2240 1316 2268 Viti
1343 2239 1492 2268 Theodori
1522 2238 1747 2275 explicationem
1776 2236 1932 2274 insignium
1962 2234 2171 2263 sententiarum

1241 2292 1277 2310 ex
1295 2283 1405 2310 Ioanne
1425 2282 1536 2318 Evang.
1559 2281 1752 2315 collectarum⁷
1777 2280 1821 2307 cd.
1844 2289 1861 2306 a
1883 2276 2073 2315 Laur.Span.
2099 2277 2169 2306 785.

1196 2325 1231 2354 In
1254 2325 1363 2362 Georg.
1388 2324 1507 2353 Maioris
1531 2323 1594 2351 libr.
1618 2324 1652 2351 de
1675 2323 1773 2351 Missa.
1800 2323 1871 2350 877.

1166 2361 1169 2412 J
1196 2368 1229 2395 In
1253 2368 1336 2396 Tom.
1360 2367 1412 2394 III.
1438 2370 1561 2395 enarrat.
1582 2366 1700 2394 Lutheri
1724 2366 1752 2393 in
1779 2364 1909 2393 Genesin
1934 2364 2004 2392 918.

1194 2410 1229 2439 Iu
1253 2411 1372 2439 Ioannis
1395 2409 1620 2446 Regiomontani
1644 2408 1756 2436 tabulas
1780 2408 1969 2436 directionum
1988 2413 2040 2434 etc.
2064 2406 2135 2434 950.

1193 2453 1227 2481 In
1251 2453 1360 2490 Georg.
1385 2452 1505 2480 Maioris
1528 2452 1738 2479 enarrationem
1764 2451 1844 2488 epist.
1868 2450 1904 2478 ad
1923 2449 2030 2486 Ephes.
2055 2449 2124 2477 994.

1192 2497 1226 2524 In
1250 2497 1334 2525 Tom.
1359 2496 1410 2523 IV.
1435 2503 1553 2532 operum
1578 2494 1696 2522 Lutheri
1720 2494 1836 2521 latinor.
1864 2493 1952 2521 1078.

1192 2538 1226 2567 In
1248 2539 1353 2567 librum
1376 2538 1411 2565 de
1429 2538 1524 2565 anima
1548 2536 1638 2566 1123.
1800 2528 1807 2536 ⁰

1167 1553 1173 1838 ι
1195 1597 1229 1625 In
1253 1597 1338 1625 Tom.
1362 1596 1414 1624 III.
1438 1606 1558 1633 operum
1582 1595 1701 1624 Lutheri
1724 1596 1840 1624 latinor.
1863 1594 1932 1623 390.
