2299 2921
131 135 161 178 3ι
785 144 972 177 PHlLlPPl
996 143 1314 176 MELANTHONIS
1337 142 1498 176 OPERA.
2128 148 2150 178 4

133 251 204 280 pere
226 242 400 280 culpandum
428 248 512 270 esset.
558 242 768 271 Prouunciatio
794 240 926 269 nonnihil
954 240 1117 268 balbutiens
1140 249 1199 268 non
1223 240 1310 268 modo
1337 244 1476 277 tanquam
1503 250 1594 278 prava
1618 241 1854 279 colloquentibus
1878 242 2001 271 molesta
2024 248 2053 270 et
2074 243 2148 272 iniu-

134 286 232 314 cunda
250 295 308 314 non
327 286 395 320 fuit,
414 286 464 314 sed
488 286 631 323 puerilem
651 285 855 322 loquacitatem
875 283 938 311 visa
963 283 1051 311 etiam
1076 287 1119 310 est
1137 283 1250 310 decere.
1296 281 1383 317 Quod
1409 284 1510 312 vitium
1541 288 1638 312 tamen
1666 285 1844 321 procedente
1870 290 1964 313 aetate
1990 287 2150 315 attentione

138 334 167 356 et
185 338 255 356 cura
273 329 315 357 sic
334 329 512 359 emendavit.
533 333 562 355 ut
582 329 629 356 vix
649 327 819 355 tenuissima
837 326 915 354 illius
934 326 1072 363 vestigia,
1096 325 1184 354 verba
1206 327 1378 363 praesertim
1406 336 1441 355 eo
1467 332 1603 355 accurate
1628 327 1767 363 faciente,
1791 333 1965 366 apparerent
1989 334 2076 366 atque
2101 330 2149 358 de-

136 372 414 410 prehenderentur.“
441 388 483 391 -—
513 370 628 399 Graeca
652 370 751 398 didicit
778 379 796 397 a
828 367 994 397 Simlero.
1019 386 1059 390 —
1085 369 1202 397 Mortuo
1229 378 1284 397 avo
1313 369 1429 397 vivebat
1455 379 1520 398 cum
1546 370 1635 398 fratre
1662 369 1792 409 Georgio
1818 376 1846 399 et
1872 372 1981 400 Ioanne
2006 373 2150 402 avunculo

137 416 214 452 apud
238 425 367 443 sororem
395 414 545 442 Ioannis
569 413 784 447 Reuchlini,
810 413 886 449 quod
912 412 1053 440 Reutheri
1078 416 1106 440 et
1132 412 1286 440 Reuchlini
1312 412 1440 440 familiae
1467 414 1639 451 cognatione
1667 414 1929 452 coniungerentur3
1954 424 2011 452 quo
2040 415 2149 444 factum

139 464 189 493 est,
209 462 240 486 ut
266 457 492 486 Reuchlinus
518 457 599 493 pueri
618 456 744 484 indolem
773 461 800 483 et
826 456 921 484 studia
946 460 1144 493 cognosceret.
1189 455 1247 483 Hic
1271 455 1386 484 libellos
1411 457 1569 494 quosdam,
1594 457 1669 485 inter
1695 467 1768 494 quos
1791 458 1905 495 plenior
1932 457 2150 488 Grammaticae

139 499 272 529 Graecae
291 505 430 528 tractatus
450 504 476 527 et
495 499 627 527 Lexicon
647 497 924 527 Graeco-Latinum
950 499 1021 532 fuit,
1048 499 1073 526 ei
1099 498 1233 533 donavit,
1259 499 1403 535 simulque
1421 504 1524 528 auctor
1543 500 1606 535 fuit,
1634 504 1665 528 ut
1688 510 1768 528 more
1796 501 1946 529 doctorum
1969 502 2048 531 illins
2074 503 2149 538 aevi,

138 553 243 572 nomen
263 553 346 571 suurn
373 542 632 577 Schwarzerd,
651 543 729 579 quod
749 542 851 580 lingua
869 542 961 569 latina
980 542 1104 578 exprimi
1123 542 1171 569 vix
1192 547 1299 578 potest,
1319 543 1349 570 in
1367 551 1504 579 graecum
1530 543 1835 572 Melanchthonis
1860 550 1992 579 mutaret,
2011 555 2068 582 quo
2080 546 2149 573 Phi-

138 586 234 624 lippus
252 592 354 623 postea
373 591 539 614 constanter
557 595 626 614 usus
646 590 697 621 est,
717 594 894 623 quanquam,
916 585 983 612 dum
1007 585 1036 612 in
1056 583 1162 613 Suevia
1181 585 1305 620 vivebat,
1327 595 1358 614 se
1377 586 1463 614 etiam
1482 587 1560 614 haud
1578 596 1645 614 raro
1665 596 1681 614 a
1700 587 1797 624 patria
1814 586 1985 625 Philippum
2004 587 2149 616 Bretta-

138 639 217 658 num
236 630 412 658 nominabat.
455 629 540 656 Illum
560 638 627 657 vero
646 634 758 666 postea,
779 634 807 656 et
826 628 942 665 quidem
962 628 1028 656 inde
1052 628 1087 655 ab
1107 637 1185 655 anno
1209 629 1297 656 1531.
1317 634 1444 657 mutasse
1469 629 1784 658 Melanchthonem
1807 630 1837 657 in
1861 630 2150 665 Melanthonem,

139 678 168 700 ut
186 675 374 712 κακοφωνίαν
399 672 509 706 vitaret,
535 676 560 700 et
580 676 682 710 postea
704 681 763 700 non
782 672 840 700 nisi
861 671 1021 708 posteriore
1041 670 1133 698 forma
1153 679 1236 698 usum
1257 679 1334 705 esse,
1359 671 1416 699 alio
1435 672 1500 700 loco
1519 673 1588 701 dixi.

945 760 1136 811 ἈΝΝΟ
1182 780 1308 812 1509.

291 860 368 889 Cura
393 861 493 889 matris
518 866 543 888 et
568 860 797 897 propinquorum
822 859 976 898 Philippus
1000 860 1105 888 missus
1129 864 1171 887 est
1195 859 1437 897 Heidelbergam,
1460 866 1490 887 ut
1508 861 1549 888 ibi
1572 861 1667 888 studia
1690 867 1922 898 prosequeretur.
1967 862 2044 890 Albo
2072 864 2151 891 Aca-

136 905 250 932 demico
280 905 322 933 sic
345 904 502 941 inscriptus
523 903 642 939 legitur:
674 903 727 939 „In
751 903 910 931 Rectoratu
931 903 959 931 lI
979 903 1056 940 Mag.
1080 902 1220 931 Iohannis
1244 903 1366 941 W⁷ysers
1385 903 1420 931 de
1445 902 1631 940 Oberspach,
1657 904 1766 932 Iurium
1789 903 1963 938 Licentiati,
1986 905 2151 934 intitulatus

137 953 180 975 est
198 948 225 975 d.
249 947 336 975 XIII.
360 946 425 976 Oct.
453 948 531 975 1509
556 945 754 984 Philippus
778 945 1017 974 Schwarzerd
1041 947 1081 974 de
1105 946 1285 974 Brettenfl
1334 945 1394 982 (Cf.
1422 944 1656 983 Buttinghausen
1680 946 1817 985 Beitriige
1840 957 1892 975 zur
1919 946 2011 975 Pffilz.
2040 946 2151 977 Gesch.

134 991 169 1018 P.
193 990 217 1018 Ι.
241 1001 268 1028 p.
292 991 355 1026 38.)
375 1008 415 1012 —
438 990 523 1017 Vixit
540 990 580 1017 ibi
602 989 680 1026 apud
704 990 862 1018 Doctorem
881 989 932 1017 illo
951 990 1016 1017 loco
1040 997 1066 1016 et
1090 994 1220 1027 tempore
1241 989 1445 1025 clarissimum,
1466 989 1679 1018 Pallantem
1701 989 1953 1028 Spangelium.
1987 991 2041 1026 Ibi,
2063 999 2151 1027 quum

135 1034 253 1072 nuptiae
277 1032 416 1071 Georgii,
444 1033 537 1061 Ducis
559 1032 752 1060 Pomeraniae
777 1038 804 1060 et
827 1032 904 1060 filiae
929 1033 1057 1060 Palatini
1079 1032 1224 1060 Electoris
1246 1032 1470 1068 celebrarentur,
1495 1033 1666 1071 Philippus,
1690 1033 1875 1069 adolescens,
1900 1035 1944 1070 (ut
1967 1034 2030 1071 ipse
2053 1039 2153 1062 narrat

135 1078 164 1105 in
189 1077 272 1114 epist.
295 1077 322 1104 d.
347 1077 374 1104 d.
398 1077 444 1104 14.
470 1078 542 1113 Apr.
569 1076 663 1107 1560)
689 1075 823 1113 portabat
842 1076 909 1103 vina
934 1076 1098 1113 hospitibus
1121 1075 1322 1104 Pomeranicis
1345 1077 1424 1113 apud
1448 1085 1532 1104 suum
1558 1077 1716 1105 doctorem.
1766 1075 1853 1111 Quod
1874 1086 1911 1104 ne
1935 1078 2000 1114 quis
2022 1078 2152 1113 miretur,

136 1121 259 1158 cogitet,
277 1120 328 1147 illo
351 1124 481 1157 tempore
505 1119 682 1147 Academias
706 1128 722 1146 a
747 1117 919 1155 Gymnasiis
943 1129 1018 1154 non,
1049 1124 1079 1147 ut
1101 1128 1178 1146 nunc
1200 1125 1282 1154 sunt,
1311 1120 1382 1147 satis
1411 1120 1565 1148 distinctas
1594 1120 1700 1154 fuisse,
1731 1121 1781 1148 sed
1807 1120 1892 1148 simul
1922 1119 2152 1158 Gymnasiorum

136 1164 202 1191 loco
222 1164 396 1191 Academias
417 1162 522 1197 fuisse,
546 1163 671 1199 ideoque
689 1161 849 1200 discipulos
874 1162 959 1190 etiam
978 1162 1117 1196 iuniores,
1140 1171 1215 1197 non,
1243 1168 1273 1190 ut
1302 1172 1394 1197 nunc,
1424 1172 1477 1200 per
1506 1167 1564 1191 tres
1594 1163 1638 1190 vel
1670 1167 1792 1201 quatuor
1816 1172 1909 1192 annos
1929 1163 1958 1191 in
1981 1164 2152 1192 Academiis

137 1207 255 1241 vixisse,
280 1207 330 1234 sed
354 1206 523 1244 plerumque
544 1215 595 1243 per
617 1205 716 1242 plures
734 1214 843 1233 annOS.
868 1205 926 1233 imo
949 1215 1002 1243 per
1021 1206 1193 1233 sexennium
1218 1205 1262 1233 vel
1286 1206 1468 1233 decennium.

942 1314 1098 1346 ANNO
1142 1315 1255 1345 1511
1290 1324 1342 1356 sq.

291 1398 379 1424 Anno
407 1396 497 1424 1511.
517 1396 545 1422 d.
568 1397 614 1422 11.
639 1394 704 1422 Iun.
728 1394 902 1432 Philippus,
923 1394 1038 1422 iuvenis
1061 1394 1123 1422 fere
1144 1393 1220 1422 XIV
1243 1403 1400 1430 annorum,
1425 1394 1642 1423 Baccalaureus
1662 1395 1757 1423 factus
1782 1399 1834 1422 est.
1857 1411 1898 1415 —
1922 1393 2049 1432 Operam
2073 1396 2154 1425 dedit
2180 1409 2187 1413 ¹

135 1440 320 1468 instituendis
344 1439 457 1467 duobus
480 1438 548 1466 filiis
573 1437 695 1466 Comitis
718 1437 902 1466 Ludovici
926 1447 943 1465 a
966 1436 1237 1466 Loewenstein.

290 1482 399 1511 Postea
422 1481 537 1509 titulum
557 1481 693 1518 Magistri
715 1481 878 1509 liberalium
903 1481 1009 1509 artium
1032 1480 1068 1508 ab
1097 1480 1259 1508 Academia
1286 1481 1388 1518 petiit,
1419 1482 1469 1518 qui
1499 1490 1569 1509 vero
1591 1481 1617 1509 ei
1644 1489 1704 1508 non
1726 1481 1811 1509 datus
1844 1486 1886 1508 est
1913 1482 1990 1518 quod
2017 1481 2150 1510 doctores

135 1526 252 1564 quidam
281 1525 363 1554 illum
390 1526 531 1554 honorem
559 1524 678 1552 iuvenili
706 1524 794 1552 aetati
825 1524 952 1552 tribuere
982 1524 1101 1552 nollent.
1149 1521 1236 1558 Quod
1266 1533 1353 1562 aegre
1382 1523 1495 1560 ferens,
1525 1529 1553 1552 et
1577 1534 1593 1553 a
1625 1524 1734 1553 crebris
1761 1524 1970 1552 tentationibus
2000 1523 2151 1552 febrilibus

136 1574 274 1605 vexatus,
298 1569 452 1607 Philippus
475 1568 569 1597 locum
590 1572 703 1597 mutare
726 1568 862 1595 decrevit.

943 1676 1100 1709 ANNO
1142 1675 1260 1708 1512
1293 1686 1343 1718 sq.

293 1761 380 1786 Anno
409 1758 497 1787 1512.
525 1758 552 1786 d.
588 1759 632 1786 17.
664 1756 745 1795 Sept.
768 1758 838 1785 adiit
871 1757 1063 1786 Acade-miani
1092 1756 1328 1794 Tubingensem,
1361 1755 1391 1782 in
1421 1763 1478 1792 qua
1507 1763 1602 1791 usque
1625 1755 1662 1782 ad
1689 1754 1798 1782 abitum
1821 1763 1905 1782 suum
1934 1754 1965 1782 in
1990 1753 2151 1784 Saxoniam

139 1802 252 1838 (1518)
275 1810 388 1838 semper
412 1807 455 1829 est
479 1807 624 1835 versatus,
647 1801 773 1838 primum
797 1800 974 1838 discipulus,
997 1809 1067 1827 mox
1092 1809 1159 1826 vero
1182 1800 1245 1836 ipse
1269 1799 1371 1826 doctor
1398 1798 1532 1825 aliorum.
1580 1796 1706 1834 Operam
1732 1797 1811 1825 dedit
1837 1797 2018 1834 potissimum
2048 1798 2153 1827 litteris

139 1846 251 1883 graecis
274 1845 439 1882 latinisque,
464 1844 678 1881 philosophiae,
702 1844 852 1879 historiae,
877 1843 1078 1880 eloquentiae,
1097 1841 1283 1875 dialecticae,
1305 1841 1547 1876 mathematicae,
1568 1841 1711 1878 simulque
1735 1841 1845 1868 audivit
1865 1840 2034 1878 Theologos
2056 1844 2153 1879 (prae-

141 1889 224 1925 cipue
248 1886 401 1924 Lempum,
423 1887 626 1915 scholasticam
650 1887 826 1923 theologiam
852 1886 1043 1922 tradentem),
1068 1884 1313 1919 Iurisconsultos,
1336 1890 1362 1911 et
1381 1885 1539 1922 praecipue
1564 1884 1705 1919 Medicos,
1729 1893 1849 1921 quorum
1874 1883 2021 1912 Galenum
2044 1885 2154 1913 studio·-

140 1931 252 1960 sissime
276 1931 355 1968 legit,
375 1931 448 1958 adeo
473 1935 505 1957 ut
526 1930 609 1967 plura
632 1930 797 1958 memoriter
821 1935 921 1967 posset
943 1929 1075 1957 recitare.
1122 1928 1201 1955 Inter
1224 1927 1415 1965 philosophos
1440 1935 1468 1955 et
1491 1927 1633 1955 bonarum
1657 1927 1818 1955 litterarum
1841 1927 1974 1955 doctores
1997 1928 2153 1965 praecipue

139 1975 249 2002 audivit
272 1973 458 2002 Franciscum
479 1971 660 2008 Stadianum,
684 1973 822 2001 Ioannem
845 1971 1017 2006 Stoflerum,
1041 1971 1202 1999 Henricum
1227 1970 1395 2005 Bebelium,
1415 1970 1457 1998 Io.
1481 1969 1698 1999 Brassicanum.

982 2081 1138 2113 ANNO
1183 2081 1308 2112 1514.

295 2163 332 2191 D.
359 2163 407 2191 25.
432 2163 575 2198 Ianuarii,
599 2162 723 2190 Decano
746 2161 789 2189 Io.
814 2160 922 2196 Kress,
948 2162 1088 2189 bonarum
1110 2162 1216 2190 artium
1239 2161 1378 2198 Magister
1401 2160 1495 2188 factus
1519 2166 1571 2189 est.

294 2206 429 2234 Habebat
452 2206 501 2234 illo
527 2210 658 2243 tempore
681 2205 835 2242 Tubingae
856 2204 1003 2232 officinam
1027 2204 1268 2242 typographicam
1287 2204 1417 2232 Thomas
1440 2203 1631 2231 Anshelmus.
1673 2202 1733 2231 Hic
1751 2211 1841 2239 opera
1862 2201 2059 2229 Melanthonis
2082 2209 2153 2230 usus

141 2256 198 2284 est,
223 2256 253 2277 ut
275 2250 357 2285 libri,
376 2250 425 2286 qui
444 2259 462 2277 a
485 2259 516 2277 se
540 2249 707 2283 ederentur,
732 2248 921 2277 correctiores
954 2248 1114 2285 prodirent.
1161 2247 1258 2284 Quum
1285 2256 1383 2275 mense
1416 2247 1523 2275 Martio
1551 2246 1696 2275 clarorum
1724 2245 1851 2273 virorum
1882 2244 2020 2282 epistolas
2046 2244 2084 2272 ad
2109 2244 2152 2272 Io.

141 2293 335 2322 Reuchlinum
359 2294 464 2321 missas
488 2293 597 2327 ederet,
617 2291 788 2320 Melanthon
810 2291 878 2318 huic
901 2290 1000 2318 libello
1027 2290 1236 2328 praefationem
1265 2290 1415 2328 praemisit
1443 2290 1478 2318 de
1505 2290 1580 2328 stylo
1607 2289 1766 2327 epistolari.
1811 2288 1904 2317 I-'orro
1933 2297 2021 2324 quum
2049 2287 2152 2315 eodem

141 2346 218 2365 anno
240 2336 418 2365 Anshelmus
441 2335 581 2364 Naucleri
605 2335 763 2364 chronicon
785 2334 1006 2371 exprimendum
1029 2334 1222 2372 suscepisset,
1252 2333 1407 2371 Philippus
1429 2333 1538 2368 multa,
1568 2341 1644 2369 quae
1672 2336 1807 2369 corrupta
1835 2335 1949 2366 essent,
1979 2330 2154 2366 emendavit,

142 2380 242 2408 mutila
260 2379 427 2418 complevit,
446 2388 665 2417 supervacanea
682 2377 837 2416 praecidit,
862 2377 981 2406 confusa
1005 2377 1034 2404 in
1059 2377 1189 2406 ordinem
1212 2377 1333 2414 redegit.

297 2423 363 2461 Ipse
382 2423 483 2460 incipit
506 2422 625 2451 iuvenes
647 2422 759 2450 docere.

988 2520 1144 2553 ANNO
1184 2520 1308 2553 1515.

299 2604 332 2632 In
357 2603 569 2637 controversia,
589 2611 662 2639 quae
685 2603 741 2630 hoc
762 2607 895 2638 tempore
914 2601 1079 2630 Reuchlino
1101 2601 1156 2629 fuit
1177 2609 1241 2629 cum
1264 2601 1428 2637 Monachis,
1452 2600 1610 2638 Philippus
1631 2598 1798 2628 Reuchlino
1824 2598 1959 2635 „assidue
1977 2602 2005 2625 et
2026 2596 2151 2625 fideliter
