2299 2921
164 125 232 159 455

168 221 303 260 dosius,
336 220 520 260 Arcadius,
554 221 751 260 Martianus,
785 220 926 253 Carolus
949 221 1094 263 Magnus
1117 226 1150 252 et

167 264 260 297 multi
282 264 326 306 pij
351 264 463 305 Reges
495 265 568 303 [fol.
595 265 692 303 116⁵]
719 269 918 296 curauerunt
947 270 1037 295 recte
1059 273 1148 294 exer-

168 308 236 339 ceri
258 307 377 339 iudicia
400 306 583 339 Ecclesiae.

255 350 430 381 Caeterum
461 351 502 382 de
531 349 719 381 discrimine
746 349 919 390 Vtriusque
942 349 1067 390 gradus
1091 347 1149 379 Mi-

166 393 294 435 nisterij
328 392 599 434 Euangelici‚¹¹)
635 399 667 423 et
698 390 853 432 politicae
887 391 1062 432 potestatis
1092 401 1148 422 ex-

165 438 301 474 1311112)
335 436 461 476 scripta
496 436 529 465 in
557 434 722 475 Ecclesijs
752 435 876 466 nostris
910 433 1029 471 multa,
1063 444 1149 475 quae

166 479 348 510 ostendunt
370 487 433 508 nos
469 487 577 519 neque
611 476 792 517 fanaticas,
822 487 929 518 neque
962 477 1148 508 sediciosas

165 521 341 562 opiniones
365 522 561 558 docere.¹3)
613 520 681 551 Sed
704 525 896 551 monstrare
924 522 1148 551 necessariam

165 564 348 595 doctrinam
371 563 403 593 in
428 561 611 605 Euangelio
635 563 790 594 traditam
814 564 854 594 de
875 568 1017 605 Vtroque
1043 563 1148 604 gradu

164 605 278 637 vtilem
297 605 409 647 pietati
433 612 465 637 et
487 606 562 647 paci
582 606 755 638 communi.

549 754 620 786 Deo
647 753 760 797 gratia.

249 853 343 884 Haec
365 858 417 884 est
441 862 569 883 summa
592 853 780 890 doctrinae,
804 862 903 894 quam
926 853 958 883 in
981 851 1147 894 Ecclesijs

162 940 237 971 dem
261 949 339 970 esse
368 939 594 978 incorruptam
619 939 816 969 sententiam
839 938 1010 969 doctrinae
1033 939 1148 970 diuini-

160 988 216 1013 tus
246 983 386 1013 traditae
416 982 449 1011 in
479 981 612 1022 scriptis
641 981 845 1021 propheticis
876 987 907 1012 et
929 980 1148 1021 Apostolicis‚

161 1031 193 1056 et
224 1022 386 1066 symbolis
419 1023 492 1062 [fol.
514 1024 616 1063 llb'b]
647 1034 857 1065 nequaquam
886 1024 1090 1063 dubitamus,
1115 1031 1147 1055 et

161 1077 202 1099 ex
230 1067 369 1098 vetustis
400 1067 620 1108 scriptoribus
641 1067 880 1098 sincerioribus
908 1065 1048 1109 intelligi
1075 1074 1147 1108 pot·

163 1116 215 1142 est
240 1119 427 1151 congruere
451 1120 523 1140 eam
544 1120 616 1141 cum
640 1111 743 1140 veteri
767 1116 800 1140 et
824 1110 957 1150 puriore
982 1109 1147 1141 Ecclesia.

250 1153 406 1184 Ostendit
429 1158 539 1183 autem
562 1162 617 1183 res
640 1153 712 1193 ipsa
736 1163 804 1183 non
828 1153 1018 1184 curiositate
1040 1163 1148 1185 nouas

162 1202 219 1228 aut
253 1203 389 1237 argutas
415 1195 655 1236 disputationes
678 1195 904 1236 quaesiuisse,
935 1205 998 1226 1100
1026 1196 1068 1227 de
1092 1206 1147 1237 po-

161 1239 264 1270 tentia
286 1245 342 1270 aut
365 1238 484 1279 opibus
508 1238 727 1276 contendere,
750 1238 818 1269 Sed
841 1243 965 1269 tantum
988 1248 1146 1270 necessa-

161 1282 244 1313 riam
273 1281 474 1316 doctrinam,
509 1281 551 1311 ad
581 1290 694 1312 veram
725 1281 974 1312 lnuocationem
1003 1281 1072 1319 dei,
1103 1281 1146 1312 ad

161 1333 263 1356 veros
304 1322 434 1361 cultus,
480 1323 523 1354 ad
563 1325 739 1361 veram14)
780 1324 1046 1365 agnitionem¹⁵)
1087 1322 1144 1365 filij

161 1367 279 1403 deilfi)
308 1368 402 1404 et17)
424 1366 467 1397 ad
491 1364 632 1397 salutem
656 1366 854 1404 animarum,
884 1376 924 1397 ex
947 1377 1069 1408 magna
1093 1376 1146 1397 ca-

160 1408 262 1450 ligine
283 1409 509 1440 Traditionum
539 1414 571 1440 et
595 1409 783 1449 opinionum
806 1408 978 1444 euoluere,
1013 1416 1046 1440 et
1067 1410 1144 1440 sim-

159 1451 341 1494 plicissime
370 1462 410 1483 ac
441 1450 636 1492 planissime
663 1462 734 1482 eam
757 1451 922 1494 Ecclesijs
945 1462 1145 1493 proponere.

160 1495 312 1527 Necesse
330 1502 382 1527 est
402 1496 487 1525 enim
507 1504 622 1526 omnes
641 1504 743 1525 sanos
763 1494 871 1533 fateri,
889 1505 1029 1537 magnas
1041 1493 1146 1527 fuisse

161 1538 335 1569 doctrinae
362 1538 520 1569 tenebras
555 1544 588 1568 et
620 1537 743 1569 multos
767 1539 844 1576 [sol.
871 1538 980 1576 117³]
1010 1549 1144 1570 errores

161 1581 194 1612 in
215 1582 365 1612 doctrina
385 1580 628 1612 Monachorum
648 1587 680 1612 et
699 1580 839 1622 laqueos
859 1581 1146 1620 conscientiaesss)

159 1623 360 1665 multiplices
383 1625 416 1655 in
439 1623 618 1664 pontificijs
637 1624 880 1656 traditionibus.
927 1624 968 1655 Et
989 1631 1064 1656 vtra
1087 1625 1145 1656 do·

160 1667 268 1699 ctrina
287 1668 329 1698 sit
348 1677 441 1704 vera,
463 1665 574 1707 plana,
597 1667 788 1708 perspicua,
809 1666 899 1698 vtilis
919 1668 1146 1710 consciendjs,

161 1716 194 1741 et
216 1711 376 1748 moribus,
394 1710 540 1741 ostendit
563 1708 706 1741 collatio.
750 1710 826 1741 Non
850 1711 934 1742 enim
958 1709 1146 1752 defugimus

159 1752 283 1784 iudicia
306 1754 453 1794 piorum,
487 1753 551 1783 imo
575 1763 708 1794 semper
730 1763 842 1784 veram
872 1754 923 1784 dei
947 1752 1146 1792 Ecclesiam,
1172 1754 1175 1764 '

160 1795 226 1827 1100
261 1802 312 1826 est
340 1805 455 1826 omnes
491 1797 564 1836 pios
601 1802 634 1827 et
662 1796 811 1827 eruditos
842 1797 1030 1837 vbicunque
1058 1802 1146 1835 sunt,

161 1837 315 1870 volumus
338 1837 432 1873 haec,
456 1848 542 1879 quae
566 1839 705 1869 dicimus
729 1848 949 1880 cognoscere,
974 1848 1058 1879 quos
1076 1848 1145 1870 non

164 1881 366 1919 dubitamus,
389 1887 491 1912 testes
515 1880 604 1921 fore,
627 1880 714 1912 hanc
738 1881 921 1912 doctrinam
945 1891 1022 1912 esse
1044 1890 1144 1912 verae

160 1923 335 1955 Ecclesiae
360 1924 412 1954 dei
435 1922 619 1954 catholicae
643 1933 855 1954 consensum.

249 1966 425 1997 Offerimus
453 1967 550 1997 etiam
585 1976 648 1997 nos
682 1976 880 2007 quocunque
916 1972 1066 2006 tempore
1099 1966 1144 1997 ad

161 2009 382 2050 copiosiorem
406 2008 666 2041 declarationem
688 2010 721 2040 in
744 2007 884 2050 singulis
908 2009 1066 2050 partibus
1102 2007 1143 2039 Et
1167 1982 1172 2060 Ι

159 2050 247 2083 hanc
266 2052 610 2084 commemorationem
628 2052 800 2083 doctrinae
817 2061 905 2084 nunc
923 2049 1045 2083 factam
1064 2061 1141 2083 con·
1166 2063 1174 2118 Ι

156 2259 204 2289 12)
226 2256 327 2290 extant]
347 2257 390 2282 1100
409 2257 507 2282 verbum
525 2258 587 2282 Mel.
609 2265 685 2290 supra
704 2258 792 2282 lineam
810 2257 952 2289 adscripsit.

157 2300 205 2333 13)
228 2300 341 2332 docere,]
359 2300 442 2324 Editt.
463 2301 538 2324 1-3.
559 2300 599 2324 8.;
619 2307 748 2332 spargere,

157 2344 203 2375 14)
223 2343 256 2367 ad
281 2350 357 2367 veros
382 2344 479 2372 cultus,
504 2343 537 2366 ad
560 2343 660 2374 veram]
683 2344 720 2367 sic
747 2343 812 2367 Cod.
842 2345 864 2367 et
890 2342 971 2366 Editt.
999 2342 1073 2366 1—3.
1101 2342 1139 2371 8.;

226 2378 308 2402 Editt.
328 2378 351 2401 5.
374 2379 410 2401 7.:
430 2382 455 2401 et
473 2377 506 2401 ad
526 2384 600 2401 veros
620 2378 703 2401 cultus
723 2382 748 2400 et
767 2377 799 2401 ad
818 2384 905 2400 veram

157 2420 205 2452 15)
225 2420 396 2452 agnitionem]
415 2421 452 2443 sic
470 2419 552 2448 Cod.;
572 2420 655 2444 Editt.
679 2420 753 2444 1-3.
773 2420 796 2444 5.
819 2420 841 2443 7.
862 2420 902 2443 8.:
930 2419 1105 2450 cognitionem

158 2462 205 2493 16)
225 2463 258 2486 ad
276 2470 350 2486 veros
371 2463 467 2492 cultus,
487 2476 520 2480 —
539 2462 585 2493 filij
606 2461 658 2495 dei]
677 2461 737 2487 haec
754 2463 780 2486 in
798 2462 880 2486 Editt,
900 2462 924 2486 4.
945 2462 969 2486 6.
989 2461 1081 2485 desunt.

158 2505 205 2536 17)
227 2506 262 2535 et]
280 2506 305 2528 in
324 2505 374 2529 Ed.
393 2506 417 2529 5.
438 2505 511 2529 deest.

158 2547 204 2578 18)
226 2547 411 2580 conscientiae]
432 2549 467 2572 sic
485 2547 549 2572 Cod.
571 2552 593 2572 et
611 2548 691 2572 Edite.
709 2549 734 2572 4.
754 2548 795 2577 6.;
814 2551 872 2572 cett.
892 2548 988 2571 Editt.:
1007 2547 1140 2571 conscien-

156 2216 204 2248 11)
224 2214 389 2248 Euangelici]
408 2215 489 2240 Editt.
510 2216 584 2239 1—3.
605 2216 646 2240 8.:
666 2214 842 2246 Euangelicae
1163 2122 1173 2615 ι

228 2582 320 2605 fiai-um

617 126 728 159 PHIL.
752 126 854 159 MEL.
877 125 1064 158 SCRIPTA
1085 114 1356 158 DOGMA'NCA
1378 125 1435 157 ET
1458 125 1728 160 SYMBOLICA.

161 897 287 928 nostris
311 896 363 927 dei
388 895 550 926 beneficio
574 906 639 926 vna
662 905 748 926 voce
766 905 937 933 sonamus,
961 905 1058 936 quam
1078 897 1146 937 qui·

1172 1719 1175 1736 l

2114 129 2179 160 456

1203 230 1324 262 gruere
1359 231 1433 252 cum
1463 219 1675 260 confessione
1699 222 1777 261 [fol.
1804 221 1908 262 11722]
1930 222 2105 265 Augustae
2127 234 2183 256 ex-

1203 263 1305 295 hibita
1327 263 1427 294 Anno
1451 263 1536 294 1530
1557 266 1728 297 sentimus.

1289 304 1371 337 Cum
1393 306 1491 347 igitur
1513 307 1672 344 doctrina,
1696 318 1794 349 quam
1812 307 2001 346 recitamus,
2024 318 2104 340 vera
2128 310 2183 347 sit,

1203 354 1235 379 et
1258 347 1433 380 Ecclesiae
1455 351 1655 387 necessaria,
1679 360 1825 388 oramuS,
1848 360 1889 381 ne
1912 351 2108 382 damnentur
2119 351 2183 383 Ec-

1203 390 1328 422 clesiae
1357 397 1514 430 nostrae,
1548 394 1642 434 quasi
1677 399 1734 424 aut
1767 403 1900 424 errores
1931 392 2182 435 amplectantur,

1200 439 1256 465 aut
1289 435 1361 465 sine
1395 435 1488 475 graui
1519 445 1622 466 causa
1650 435 1771 467 stolide
1806 442 1836 467 et
1872 437 2038 468 sediciose
2066 436 2183 468 tumul-

1200 482 1347 515 tuentur,
1379 476 1512 508 Veritas
1546 483 1578 509 et
1611 489 1721 510 rerum
1750 478 1942 521 magnitudo
1970 478 2035 511 hac
2061 480 2183 511 iniusta

1202 519 1430 551 criminatione
1453 529 1514 551 nos
1537 519 1688 552 liberent.

1287 562 1417 593 Deinde
1445 563 1550 604 ipsam
1574 564 1746 606 Synodum
1774 564 1827 604 pie
1856 574 2045 603 monemuS,
2073 565 2184 596 vident

1200 610 1330 636 veteres
1354 606 1478 637 abusus
1503 611 1535 637 et
1557 616 1689 638 errores
1715 606 1836 638 multos
1857 613 1889 638 et
1904 617 2044 649 magnos
2064 606 2184 639 herere

1200 648 1233 679 in
1257 645 1429 685 Ecclesia,
1452 649 1528 689 quia
1551 650 1703 681 omnibus
1726 650 1889 681 aetatibus
1912 650 1988 681 inde
2012 660 2118 692 Vsque
2140 651 2183 681 ab

1200 691 1290 721 initio
1310 691 1442 732 generis
1462 692 1595 723 humani
1609 691 1761 723 diabolus
1781 703 1928 724 errorum
1947 694 2071 724 semina
2091 702 2184 734 spar-

1200 734 1257 775 git,
1280 739 1313 764 et
1336 739 1453 774 postea
1475 734 1577 766 multa
1599 733 1730 767 inscitia
1753 735 1920 766 hominum
1944 742 2000 768 aut
2024 736 2183 777 supersti-

1202 776 1297 807 cione
1321 775 1568 814 confirmantur,
1591 783 1647 809 aut
1670 777 1882 819 repullulant.

1288 818 1360 855 [fol.
1387 828 1448 849 non
1474 830 1553 850 num.
1574 824 1597 858 ³]
1613 823 1663 858 ¹⁹)
1704 821 1785 852 Cum
1820 827 1929 852 autem
1964 822 2027 852 iam
2051 821 2182 852 vanitas

1199 860 1376 892 multarum
1405 863 1673 903 superstitionum
1702 869 1781 894 nota
1806 864 1862 898 sit,
1891 865 2101 905 tempora20)
2124 863 2183 895 fla-

1201 905 1306 946 gitant
1334 905 1613 944 emendationem,
1647 905 1688 936 Et
1722 906 1785 937 nisi
1819 907 2061 947 gubernatores
2089 916 2183 938 cura-

1200 948 1283 978 bunt
1312 953 1428 978 extare
1455 946 1653 979 illustratam
1682 949 1873 986 veritatem,
1901 959 2042 990 magnae
2065 949 2183 980 distra-

1201 990 1327 1021 ctiones
1351 991 1540 1031 opinionum
1564 997 1740 1022 secuturae
1763 997 1857 1028 sunt,
1892 992 2087 1032 praesertim
2110 1002 2184 1023 cum

1201 1033 1232 1063 in
1256 1033 1320 1064 hac
1347 1039 1516 1074 postrema
1545 1036 1746 1071 senecta²¹)
1773 1033 1850 1074 plus
1874 1033 2104 1066 confusionum
2127 1035 2185 1065 im·

1200 1076 1352 1117 pendeat.
1398 1077 1476 1107 Ideo
1501 1076 1659 1119 Synodus
1681 1077 1807 1116 videat,
1830 1087 1872 1108 ne
1894 1075 2104 1108 manifestam
2127 1087 2184 1109 ve-

1201 1119 1333 1150 ritatem
1364 1119 1507 1150 damnet.
1561 1119 1603 1150 Et
1633 1120 1662 1150 si
1691 1121 1744 1160 pie
1767 1119 1992 1151 deliberatura
2017 1125 2078 1158 est,
2103 1130 2184 1161 quo·

1201 1162 1300 1192 modo
1323 1160 1560 1193 consulendum
1584 1163 1627 1193 sit
1650 1161 1834 1204 Ecclesijs‚
1857 1169 1889 1193 et
1911 1173 1931 1193 a
1954 1163 2050 1193 nobis
2075 1161 2184 1194 decla-

1201 1205 1286 1235 ratio
1317 1205 1485 1245 copiosior
1512 1210 1660 1245 petetur,
1691 1204 1834 1247 eligendi
1864 1212 1942 1236 sunt
1971 1205 2032 1236 viri
2056 1205 2184 1246 eruditi,

1201 1246 1486 1288 intelligentes22)
1518 1254 1550 1279 et
1577 1253 1727 1279 amantes
1755 1249 1944 1285 veritatem,
1972 1253 2004 1278 et
2031 1248 2183 1279 timentes

1201 1290 1310 1327 deum,
1334 1290 1388 1331 qui
1411 1290 1452 1320 de
1473 1289 1525 1320 his
1549 1291 1648 1321 tantis
1671 1291 1771 1321 rebus
1794 1290 1892 1321 simul
1915 1289 2111 1322 deliberent.

1286 1332 1357 1363 Nec
1396 1338 1523 1363 tantum
1564 1342 1704 1363 numero
1744 1332 1976 1374 suffragiorum
2010 1333 2183 1364 nobiscum

1199 1380 1361 1411 certetur,
1391 1385 1464 1406 cum
1494 1374 1704 1411 manifestum
1735 1375 1814 1414 [fol.
1832 1386 1894 1405 non
1905 1386 1990 1414 pum.
2008 1377 2047 1414 b]
2077 1376 2121 1408 sit
2143 1386 2185 1407 ex

1199 1416 1311 1449 multis
1335 1418 1566 1459 praeiudicij5‚
1589 1418 1667 1460 quid
1688 1417 1857 1450 Romanus
1882 1417 2035 1450 Pontifex
2056 1424 2088 1450 et
2109 1417 2183 1460 plu·

1198 1461 1273 1492 rimi
1300 1460 1524 1502 Episcopiw)
1553 1461 1583 1492 ei
1612 1461 1734 1492 addicti
1761 1462 1923 1498 sentiant,
1959 1462 2014 1503 qui
2044 1467 2092 1492 tot
2118 1463 2182 1493 iam

1197 1513 1304 1535 annos
1319 1514 1386 1535 non
1398 1502 1506 1535 solum
1528 1504 1636 1536 edicta
1660 1510 1775 1535 contra
1791 1514 1855 1535 nos
1875 1504 2038 1546 sanguine
2056 1504 2181 1544 scripta

1198 1547 1388 1585 ediderunt,
1422 1547 1490 1578 Sed
1517 1547 1615 1578 etiam
1645 1546 1767 1578 multos
1796 1548 1971 1578 nobiscum
2000 1546 2181 1577 sentientes

1197 1589 1446 1622 interfecerunt.
1496 1589 1538 1620 Et
1572 1588 1663 1620 multi
1692 1589 1878 1621 doctrinam
1909 1598 1971 1620 nec
1994 1587 2182 1630 intelligant

1198 1643 1261 1664 nec
1290 1639 1423 1670 curent,
1455 1631 1525 1663 Sed
1558 1631 1738 1672 prophanis
1763 1632 2038 1672 persuasionibus
2066 1631 2182 1662 imbuti

1198 1676 1386 1707 existiment
1414 1674 1480 1705 hoc
1507 1674 1684 1715 praeprue
1708 1674 1842 1715 dignum
1865 1675 2006 1711 esse24)
2035 1671 2181 1714 politicis

1198 1719 1297 1757 viris,
1320 1717 1500 1749 defendere
1528 1722 1739 1757 praesentem
1762 1714 1902 1747 formam
1926 1721 1958 1746 et
1981 1716 2065 1747 tueri
2087 1721 2182 1747 auto·

1198 1762 1327 1792 ritatem
1353 1770 1463 1795 suam,
1495 1764 1527 1789 et
1556 1760 1598 1790 ad
1618 1757 1705 1789 hanc
1727 1768 1796 1790 rem
1819 1764 1982 1799 quaerunt
2011 1758 2180 1789 ministros

1197 1805 1349 1840 idoneos,
1373 1802 1428 1843 qui
1447 1802 1693 1842 Sophismatum
1713 1802 1904 1842 praestig-ijs
1925 1801 2094 1832 veritatem
2114 1799 2180 1832 elu-

1198 1846 1286 1876 dant.
1339 1845 1451 1880 Quare
1481 1845 1544 1875 iam
1575 1849 1734 1875 testamur
1756 1854 1818 1875 nos
1840 1844 2010 1876 veritatem
2034 1854 2101 1875 non
2124 1844 2182 1875 ab-

1197 1889 1344 1919 iecturos
1377 1897 1471 1924 esse,
1500 1887 1625 1917 etiamsi
1654 1885 1768 1918 talium
1797 1886 1867 1924 [fol.
1893 1887 1990 1926 118³]
2014 1886 2180 1918 hominum

1196 1931 1326 1971 iudicijs
1362 1930 1581 1961 condemnata
1609 1927 1780 1967 suerit-²⁵)
1824 1929 1866 1960 Et
1888 1928 1998 1971 palam
2021 1935 2182 1961 testamur

1196 1983 1259 2005 nos
1282 1973 1493 2005 Tridentinae
1515 1971 1730 2014 Syn0d0‚²⁶)
1761 1982 1845 2014 quae
1873 1978 1973 2004 antea
2002 1972 2102 2003 edidit
2125 1972 2180 2003 de·

1196 2111 1240 2143 19)
1264 2109 1365 2168 De314<>3c
1377 2111 1444 2142 solio
1461 2111 1487 2134 in
1503 2111 1619 2139 foliorum
1638 2110 1806 2134 numeratione
1818 2109 1996 2141 praeter-mineo
2019 2109 2082 2141 conf.
2103 2116 2178 2141 cupra

1281 2164 1286 2169 .
1377 2153 1388 2169 s
1405 2163 1410 2168 .

1194 2188 1240 2219 20)
1260 2145 1458 2219 {cmpos-afilia
1479 2188 1502 2211 5.
1523 2191 1574 2220 typ.
1595 2195 1659 2211 ern:
1679 2190 1797 2217 tempore
1914 2223 1917 2225 -

1194 2231 1240 2262 21)
1259 2234 1390 2262 postrema
1408 2229 1524 2261 senecta]
1547 2231 1585 2254 sic
1603 2229 1687 2259 Cod.‚·
1713 2236 1783 2253 omn.
1810 2228 1907 2252 Editm
1934 2232 2064 2258 postrema
2087 2227 2177 2251 mundi

1262 2269 1367 2288 senecta

1193 2307 1238 2339 22)
1259 2306 1442 2365 i‘ptlelligentes]
1467 2306 1551 2331 scriba
1575 2307 1721 2339 sen'peoeatz
1747 2309 1772 2329 et
1795 2305 1988 2345 intelligentes,
2011 2303 2056 2328 sed
2077 2311 2126 2327 vox
2151 2307 2177 2327 et

1279 2350 1291 2366 e
1303 2345 1342 2366 eia
1361 2346 1404 2365 ese.

1193 2384 1239 2416 23)
1258 2385 1360 2415 plurimi
1378 2383 1516 2416 Episcopi]
1534 2384 1614 2407 Editt.
1635 2383 1710 2407 1—3.
1730 2383 1770 2406 8.:
1790 2382 1864 2406 multi
1883 2382 1927 2412 alij

1193 2428 1238 2459 24)
1260 2426 1326 2459 esse]
1346 2426 1389 2451 hoc
1408 2426 1506 2451 verbum
1524 2426 1587 2450 Mel.
1607 2434 1682 2458 supra
1700 2425 1788 2450 lineam
1807 2424 1950 2457 adseripest.

1193 2470 1239 2501 25)
1258 2469 1356 2501 fuerit]
1376 2469 1425 2493 Ed.
1445 2471 1483 2493 4.:
1502 2470 1594 2493 fuerat.

1193 2512 1239 2544 26)
1259 2511 1380 2545 Synodo]
1403 2513 1439 2536 uic
1457 2511 1521 2536 Cod.
1546 2519 1576 2536 α
1600 2511 1778 2534 Melanthonis
1802 2509 1982 2539 emendatione,
2005 2509 2089 2533 scriba
2112 2509 2174 2533 em'm

1261 2547 1410 2578 scripserat:
1428 2546 1544 2577 Synodi,
1568 2545 1613 2570 aed
1628 2545 1691 2568 Mel.
1717 2545 1822 2569 litteram
1842 2546 1850 2568 i
1868 2545 1894 2568 in
1914 2551 1929 2568 ο
1948 2544 2067 2572 ηιυωυίις.
2091 2543 2173 2568 Editt.

1263 2582 1338 2604 1-4,
1357 2581 1381 2605 8.
1399 2581 1566 2605 retinuerunt:
1585 2579 1694 2611 synodi,
1714 2579 1793 2603 Editt.
1813 2579 1891 2603 5—7.
1910 2577 2010 2602 habent:
2030 2577 2130 2608 synodo

1744 2630 1759 2641 ι
