2299 2921
139 152 160 183 7
796 152 983 184 PHILIPPI
1007 151 1327 184 MELANTHONJS
1351 151 1511 185 OPERA.
2136 157 2159 189 8

302 249 402 276 Mense
438 250 574 285 Augusto
607 249 761 286 Philippus
791 249 845 276 iter
873 249 1022 284 ingressus
1051 252 1094 274 est
1124 256 1227 283 eques,
1253 253 1281 275 et
1309 249 1430 285 primum
1461 251 1614 286 Augustae
1636 250 1853 279 Vindelicorum
1874 251 1988 280 Ducem
2007 250 2158 282 Saxoniae

148 292 327 327 Electorem,
352 297 379 320 et
404 292 465 319 eius
490 292 741 325 concionatorem,
774 290 975 327 Georgium
1003 287 1249 327 Spalatinum‚
1278 290 1426 319 salutavit.
1470 291 1515 320 Ibi
1538 293 1710 322 sollicitatur
1732 304 1750 321 a
1772 294 1911 329 Bavaris,
1936 300 1966 322 ut
1988 296 2018 323 in
2040 295 2158 324 Acade·

144 336 235 363 miam
259 335 503 372 Ingolstadianam
530 335 626 371 potius
649 343 734 370 quam
758 334 787 361 in
811 333 1049 370 Vitcbergensem
1074 333 1180 361 veniat.
1226 333 1298 360 Indo
1326 335 1517 371 proficiscitur
1542 335 1773 374 Norinbergam,
1803 337 1852 365 ubi
1874 348 1938 366 cum
1968 338 2158 367 Bilibalrio

148 379 406 406 Pirkheimero
429 382 455 404 et
479 376 751 413 Christophoro
775 374 1016 404 Scheuerlino
1040 376 1175 404 notitiam
1198 376 1413 415 amicitiamque
1434 378 1539 407 iunxit.

303 421 340 448 D.
367 420 416 447 20.
436 421 512 456 Aug.
537 419 615 446 venit
632 418 762 456 Lipsiam
783 419 881 456 ibique
905 419 974 447 vidit
997 419 1121 456 primum
1150 419 1296 447 Petrum
1321 421 1582 457 Mosellanum,
1611 428 1639 450 et
1668 424 1852 451 Andream
1881 423 2059 452 Francum
2089 422 2157 452 Ca-

148 464 362 497 mitianum,
386 468 454 490 tune
477 463 611 489 iuvenem
635 463 762 499 optimae
785 463 857 499 spei,
880 466 982 499 postea
1004 462 1201 492 consiliarium
1226 461 1358 501 Georgii,
1382 463 1504 493 Henrici
1529 471 1556 492 et
1581 466 1730 500 Mauricii,
1754 465 1868 494 Ducum
1893 465 2047 495 saxoniae.
2085 466 2158 503 „So-

147 507 222 534 lebat
246 516 365 533 narrare
384 505 553 542 Philippus,
584 505 652 542 quid
676 506 829 533 accidisset
856 505 974 543 Lipsiae
999 506 1028 533 iu
1052 506 1199 541 convivio,
1234 516 1290 543 quo
1320 507 1462 544 hospitem
1493 517 1559 536 eum
1585 506 1747 546 Collegium
1779 510 1948 547 primarium
1980 511 2158 539 Academiae

147 550 227 577 illius
246 549 364 576 honoris
388 557 477 575 causa
496 552 656 585 acceperat.
702 547 799 583 Quum
823 549 900 576 enim
924 548 981 576 cibi
1006 548 1105 576 crebro
1123 548 1311 584 inferrentur,
1337 555 1365 577 et
1388 552 1500 587 quoties
1521 551 1550 578 hi
1574 557 1809 589 apponerentur.
1836 562 1909 580 unus
1930 554 2075 590 quispiam
2099 563 2158 581 me-

147 593 238 620 ditata
261 593 390 620 oratione
414 591 450 618 ad
472 591 568 628 ipsum
592 591 744 619 verborum
769 591 877 628 aliquid
901 591 1019 621 faceret.
1044 592 1247 620 animadversa
1269 602 1300 620 re
1322 592 1485 631 Philippus,
1510 600 1662 632 postquam
1685 595 1774 622 semel
1798 600 1885 632 atque
1908 596 2013 623 iterum
2036 605 2157 633 respon·

147 636 252 669 disset,
277 635 393 662 tandem
413 634 534 662 obsecro
558 643 624 669 vos,
649 635 758 671 inquit,
781 635 832 662 viri
857 635 1027 669 clarissimi,
1047 635 1197 671 patiamini
1222 645 1267 663 me
1291 636 1397 664 auditis
1428 637 1608 666 orationibus
1628 639 1738 666 cunctis
1770 638 1809 665 ita
1836 639 1960 675 denique
1993 639 2084 666 semel
2112 648 2158 666 re·

147 678 305 715 spondei-m
329 687 395 705 nam
420 687 450 704 re
474 677 633 714 improvisa
656 687 713 705 non
737 678 847 705 accessi
870 678 906 705 ad
930 678 1016 706 toties
1038 678 1191 705 dicendum
1214 679 1378 706 necessaria
1403 680 1542 708 varietate
1571 682 1737 709 instructus.
1784 683 1880 718 Atque
1910 682 1951 709 ita
1975 681 2069 709 aiebat
2097 686 2158 709 tum

147 730 282 758 pompam
307 730 370 748 eam
393 729 627 757 supervacaneae
650 720 884 758 compellationis
907 721 1012 749 deiude
1034 720 1165 748 adhiberi
1193 721 1343 749 desiisse.“
1369 720 1529 758 (Camerar.
1554 724 1583 751 in
1608 724 1666 751 vita
1690 723 1756 751 Mel.
1782 734 1809 761 p.
1837 724 1901 761 26.)
1924 741 1963 745 —-
1989 722 2159 753 Commora-

146 770 193 791 tus
217 769 260 792 est
284 763 402 801 Lipsiae
426 772 518 800 usque
542 763 578 791 ad
602 764 629 791 d.
655 764 704 791 24.
729 765 817 800 Aug„
837 769 864 791 et
887 763 1057 801 Lipsienses
1081 765 1160 799 omJJi
1182 764 1270 792 modo
1293 765 1474 801 studuerunt,
1499 776 1563 794 eum
1588 765 1707 804 Lipsiae
1730 767 1864 802 retinere,
1886 767 1961 795 male
1983 767 2095 804 loquuti
2121 768 2158 795 de

147 807 320 844 ViteLerga,
345 812 371 834 et
395 807 523 844 largiora
546 807 690 843 stipendia
713 807 922 843 promittentes.
968 805 1026 835 Sed
1051 807 1219 845 Philippus,
1239 817 1407 845 quanquam
1430 809 1494 847 ipse
1514 810 1622 837 veritus
1642 815 1694 844 est,
1718 819 1755 837 ne
1779 819 1837 838 non
1861 814 1959 848 posset
1982 810 2158 848 Vitebergae

147 860 178 879 se
201 850 294 885 alere,
318 855 416 878 tamen
439 850 590 886 promissis
612 850 707 884 stetit,
732 856 760 877 et
783 850 853 878 abiit
876 850 1073 887 Vitebergam.

302 893 339 921 D.
365 893 413 921 24.
437 895 513 929 Aug.
538 893 566 920 in
591 894 700 930 oppido
721 891 826 920 Diiben
851 894 1041 930 pernoctavit.

303 936 340 964 D.
368 936 415 964 25.
441 938 518 972 Aug.
541 936 612 963 hora
635 936 729 973 prima
750 937 952 974 pomeridiana
974 931 1161 973 Vitebergam
1185 937 1281 964 intrat.

302 979 359 1016 „D.
385 979 433 1007 26.
458 981 536 1016 Aug.
561 979 613 1006 sub
638 979 795 1007 Rectoratu
817 979 967 1008 Nicolai
990 978 1177 1016 Gingelm,
1200 980 1305 1007 artium
1330 980 1478 1018 Magistri,
1502 980 1668 1008 intitulatus
1691 986 1734 1009 est
1757 981 1834 1009 Phil.
1858 981 2030 1010 Melanthon
2053 983 2159 1010 artium

144 1023 284 1060 Magister
314 1022 512 1060 Tubiugensis
542 1022 576 1050 de
605 1023 720 1057 Bretta,
749 1032 918 1060 graecarum
948 1022 1106 1050 litterarum
1136 1022 1226 1050 lector
1263 1023 1402 1060 primus.“
1451 1022 1548 1060 (Haec
1581 1024 1691 1061 scripta
1727 1024 1862 1061 leguntur
1892 1025 1921 1052 in
1951 1025 2015 1053 cod.
2050 1023 2159 1053 Bavari

143 1066 178 1094 T.
204 1065 226 1093 1.
251 1075 277 1102 p.
307 1066 410 1102 1003.)

299 1109 337 1136 D.
363 1107 411 1137 29.
437 1110 514 1144 Aug.
538 1109 706 1145 auspicatur
736 1117 842 1136 munus
869 1109 1066 1136 academicum
1095 1109 1228 1136 oratione
1256 1109 1386 1146 publica:
1419 1110 1473 1145 „de
1503 1110 1684 1147 corrigendis
1715 1110 1928 1138 adolescentiae
1957 1111 2090 1139 studiis.“
2116 1128 2159 1132 ——

143 1150 289 1180 Lutherus
311 1152 341 1180 in
366 1162 410 1188 ep.
435 1152 471 1179 ad
495 1149 679 1190 Spalatinum
703 1152 730 1179 d.
757 1153 805 1180 31.
830 1153 908 1190 Aug.
933 1161 966 1179 ea
991 1152 1027 1179 de
1050 1162 1080 1179 re
1104 1152 1191 1180 haee:
1218 1151 1349 1188 „Habuit
1378 1152 1578 1190 (Melanthon)
1605 1153 1768 1181 orationem
1797 1158 1900 1190 quarto
1928 1154 1974 1182 die
2002 1161 2159 1192 postquam

145 1201 280 1230 venerat,
303 1195 391 1232 plane
414 1195 637 1222 eruditissimam
662 1201 689 1223 et
712 1196 917 1229 tersissimam,
941 1200 1023 1222 tanta
1045 1195 1140 1232 gratia
1162 1196 1290 1223 omnium
1315 1200 1343 1223 et
1366 1195 1574 1230 admiratione,
1598 1200 1629 1223 ut
1658 1196 1715 1224 iam
1740 1206 1798 1224 non
1829 1197 1858 1224 id
1887 1197 1939 1224 tibi
1970 1198 2164 1234 cogitandum

144 1239 190 1272 sit,
214 1248 270 1274 qua
293 1239 406 1266 ratione
430 1238 513 1266 nobis
538 1248 603 1265 eum
628 1239 825 1266 commendes:
850 1238 1046 1266 abstraximus
1070 1238 1126 1265 cito
1150 1238 1317 1275 opinionem
1342 1244 1369 1265 et
1393 1239 1532 1266 visionem
1557 1243 1685 1266 staturae
1703 1245 1730 1266 et
1754 1248 1907 1276 personae,
1931 1245 1957 1267 et
1981 1250 2041 1268 rem
2063 1240 2159 1277 ipsam

143 1282 173 1309 in
198 1291 231 1309 eo
254 1281 434 1318 gratulamur
457 1286 485 1309 et
509 1282 659 1309 miramur:
680 1291 779 1309 verum
802 1281 831 1308 id
856 1281 952 1318 potius
976 1281 1134 1308 curandum
1159 1285 1216 1315 est,
1240 1290 1365 1317 quonam
1390 1281 1485 1309 studio
1510 1292 1575 1309 eum
1596 1282 1701 1310 reddas
1724 1282 1854 1319 Principi
1882 1287 1981 1311 nostro
2013 1292 2160 1311 commen·

144 1325 334 1352 datissimum.
381 1323 444 1361 Ego
470 1324 557 1361 plane
580 1333 716 1361 graecum
739 1330 969 1361 praeceptorem,
994 1323 1043 1351 illo
1067 1323 1166 1358 salvo,
1191 1323 1278 1351 alium
1301 1333 1360 1351 non
1384 1324 1527 1352 desidero.
1573 1323 1672 1352 Unum
1696 1325 1801 1358 timeo,
1825 1334 1861 1352 ne
1883 1325 1958 1353 forte
1979 1326 2087 1353 victum
2107 1335 2159 1354 no-

144 1372 219 1396 strae
242 1367 370 1404 regionis
394 1377 453 1395 non
482 1367 553 1395 satis
576 1368 648 1394 ferat
671 1367 836 1395 teneritudo
860 1366 937 1399 eius3
960 1367 1065 1395 deinde
1089 1367 1166 1404 quod
1189 1367 1293 1402 audio,
1322 1367 1443 1395 nimium
1470 1377 1559 1405 parco
1590 1367 1739 1405 stipendio
1768 1377 1834 1395 eum
1863 1368 2053 1403 conductum,
2085 1369 2160 1397 adeo

144 1415 175 1438 ut
198 1410 400 1448 Lipsiensibus
423 1411 480 1438 iam
502 1410 703 1447 gloriabundis
726 1419 794 1448 spes
817 1410 870 1444 sit,
902 1410 981 1445 fore,
1003 1415 1034 1438 ut
1057 1410 1141 1438 nobis
1164 1420 1229 1438 eum
1253 1410 1426 1447 quantocius
1447 1410 1590 1438 auferant.
1634 1409 1712 1438 Nam
1738 1416 1764 1438 et
1786 1411 1845 1438 iam
1868 1411 2032 1439 solicitatus
2054 1412 2091 1439 ab
2117 1411 2160 1441 eis

142 1453 211 1489 fuit,
235 1458 391 1490 antequam
415 1454 451 1481 ad
475 1462 528 1481 nos
551 1453 744 1491 perveniret.“

299 1496 336 1526 D.
364 1497 390 1524 2.
415 1495 495 1534 Sept.
518 1495 665 1524 Lutherus
696 1497 733 1524 ad
763 1494 962 1533 Spalatinum:
994 1496 1169 1534 „Philippus
1193 1496 1369 1525 auditorium
1393 1496 1479 1524 habet
1502 1496 1640 1524 refertum
1663 1496 1859 1531 auditoribus3
1882 1498 1911 1524 in
1932 1498 2034 1534 primis
2057 1505 2159 1525 omnes

143 1539 327 1578 TheologOS,
352 1549 480 1568 summos
504 1549 567 1568 cum
592 1540 695 1569 mediis
718 1544 746 1567 et
768 1539 888 1574 infimis,
913 1540 1059 1568 studiosos
1080 1540 1149 1567 facit
1172 1538 1378 1568 Graecitatis.“

298 1582 337 1610 D.
362 1584 389 1612 9.
414 1581 493 1620 Sept.
517 1583 663 1611 Lutherus
686 1583 723 1611 ad
752 1582 796 1610 10.
814 1582 963 1620 Langum:
998 1582 1240 1619 „Eruditissimus
1263 1587 1292 1610 et
1313 1583 1589 1620 graecanicissimus
1619 1582 1776 1620 Philippus
1805 1582 1975 1610 Melanthon
2004 1583 2081 1620 apud
2105 1591 2160 1611 nos

144 1625 261 1655 Graeca
281 1626 440 1664 profitetur,
464 1636 535 1664 puer
559 1631 586 1654 et
608 1626 859 1660 adolescentulus,
883 1626 907 1654 si
931 1631 1057 1654 aetatem
1081 1626 1263 1661 consideres,
1293 1631 1438 1654 caeterum
1463 1630 1563 1654 noster
1586 1625 1710 1662 aliquis,
1734 1625 1759 1653 si
1783 1625 1953 1653 varietatem
1977 1631 2005 1653 et
2027 1626 2159 1653 omnium

142 1669 203 1698 fere
221 1670 362 1698 librorum
386 1670 518 1698 notitiam
542 1675 664 1707 spectes,
687 1674 799 1698 tantum
825 1669 902 1698 valet
924 1679 983 1698 non
1002 1670 1098 1698 solum
1116 1670 1146 1698 in
1165 1676 1288 1707 uti-aquae
1306 1669 1422 1708 lingua,
1442 1670 1493 1697 sed
1513 1668 1664 1706 utriusque
1688 1669 1807 1706 linguae
1826 1668 2005 1697 eruditione:
2028 1668 2161 1697 Ebraeas

145 1722 262 1751 quoque
285 1723 345 1741 non
367 1714 530 1751 incognitas
552 1713 640 1741 habet
661 1713 801 1741 litteras.“

299 1756 401 1784 Mense
425 1756 504 1793 Sept.
529 1755 684 1794 Spalatino
707 1756 842 1791 affirmat,
865 1766 896 1785 se
919 1756 1107 1793 Vitebergam
1130 1765 1189 1784 non
1213 1757 1393 1784 deserturum
1416 1764 1510 1792 neque
1533 1754 1681 1792 Lipsiam,
1706 1760 1736 1782 ut
1760 1754 1839 1782 fama
1863 1754 2025 1789 ferebatur,
2048 1755 2156 1783 itm-um

145 1808 217 1828 esse.
263 1798 356 1828 Simul
380 1800 479 1828 scribit
502 1800 607 1836 quibus
630 1800 659 1827 in
683 1800 786 1828 studiis
810 1804 951 1827 versetur.
990 1799 1087 1835 Quum
1110 1809 1170 1827 non
1194 1800 1308 1827 adesset
1327 1799 1428 1826 doctor
1450 1798 1651 1825 hebraicarum
1675 1798 1851 1831 litterarum,
1873 1798 1935 1834 ipse
1957 1797 2008 1825 ino
2029 1802 2160 1835 tempore

143 1843 362 1880 grammaticam
387 1843 551 1870 hebraicam
576 1843 683 1870 docuit.
1708 1876 1711 1878 ¹

300 1885 410 1913 Eodem
432 1890 561 1923 tempore
583 1886 671 1913 edidit
694 1885 818 1913 Luciani
844 1886 879 1913 de
903 1885 1049 1913 calumnia
1072 1886 1250 1919 orationem,
1276 1894 1397 1921 eamque
1421 1884 1528 1912 dicavit
1552 1883 1715 1919 Friderico,
1740 1883 1872 1921 Principi
1896 1883 2034 1912 Electori.

298 1928 335 1956 D.
362 1929 408 1956 15).
429 1927 494 1957 Oct.
518 1929 617 1957 scribit
640 1927 793 1966 Spalatino
812 1929 847 1956 de
871 1929 975 1956 studiis
1002 1929 1077 1956 suis:
1108 1927 1244 1964 „Doceo3
1267 1928 1297 1955 in
1327 1927 1507 1965 chalcotypis
1537 1926 1652 1962 laboro,
1683 1933 1714 1954 ut
1742 1927 1849 1954 habeat
1875 1927 2025 1960 iuventus3
2056 1927 2160 1955 audior

143 1973 172 2000 in
195 1971 347 2009 frequenti
376 1972 492 2005 schola,
523 1972 571 1999 ubi
599 1981 663 2000 sese
687 1977 830 2000 exerceat.
877 1971 939 1999 Iam
962 1972 1115 1999 excuditur
1140 1969 1314 2008 ἦέπιστολή
1338 1968 1414 2009 πρὸς
1447 1970 1535 1998 Τίτον
1564 1971 1713 2007 (graecum
1744 1974 1858 1997 textum
1889 1970 2001 2006 edidit).
2048 1969 2160 1999 Dictio-

144 2016 256 2043 narium
280 2018 443 2052 (graecum)
468 2015 528 2043 sere
550 2015 738 2044 absolvimus,
782 2014 865 2052 (Non
890 2015 998 2052 prodiit
1020 2015 1050 2042 in
1073 2015 1193 2051 lucem.)
1215 2031 1255 2034 ω
1280 2014 1433 2042 Accedunt
1453 2013 1620 2041 Rhetorica.
1643 2029 1685 2034 ——
1708 2013 1836 2041 Posthac
1854 2012 2069 2050 philosophiam
2088 2023 2156 2051 pur-

144 2059 287 2097 gabimus,
313 2062 343 2085 nt
365 2058 424 2095 apti
448 2058 485 2085 ad
507 2058 673 2095 theologica
694 2058 875 2092 accedamus,
898 2058 928 2085 in
951 2057 1066 2094 quibus,
1090 2058 1114 2085 si
1137 2057 1180 2098 τῷ
1204 2055 1316 2097 δωτῆρι
1339 2055 1415 2086 ἐάων
1439 2056 1562 2094 placeat,
1584 2056 1717 2084 nonnihil
1742 2055 1901 2084 efficiemus
1924 2056 2020 2084 olim.“

299 2101 336 2129 D.
366 2102 412 2129 16.
437 2100 539 2129 Oratio
564 2102 599 2129 de
624 2101 802 2139 corrigendis
826 2101 950 2128 adolesc.
979 2101 1082 2129 studiis
1112 2100 1286 2138 Vitebergae
1315 2100 1484 2134 excuditur,
1511 2098 1701 2127 Beckmanno
1732 2099 1846 2134 dicata,
1875 2105 1902 2127 et
1930 2104 2014 2127 aucta
2038 2100 2067 2127 in
2100 2099 2159 2127 fine

146 2145 273 2174 carmine
296 2154 402 2181 graeco
422 2145 451 2172 in
473 2145 589 2172 laudem
612 2144 743 2172 Lunheri.

301 2188 401 2215 Mense
426 2187 503 2215 Nov.
529 2187 674 2224 praefatur
694 2188 723 2215 in
746 2187 982 2216 Boschensteinii
1004 2187 1223 2223 grammaticam
1247 2186 1326 2214 hebr.

302 2230 338 2259 D.
366 2232 412 2259 14.
435 2229 506 2258 Dec.
528 2231 674 2259 Lutherns
696 2231 733 2258 ad
756 2230 966 2258 Reuchlinum:
989 2247 1031 2249 —
1057 2230 1229 2268 „Philippus
1253 2235 1350 2258 noster
1379 2228 1605 2263 Melanchthon,
1635 2228 1723 2256 homo
1752 2227 1948 2262 admirabilis,
1979 2228 2038 2256 imo
2066 2237 2160 2265 paene

146 2273 218 2302 nihil
242 2273 361 2309 habens,
386 2274 464 2311 quod
488 2283 547 2301 non
569 2284 659 2311 supra
681 2273 827 2301 hominem
846 2274 893 2308 sit,
917 2273 1164 2301 familiarissimus
1186 2278 1283 2301 tamen
1307 2278 1335 2301 et
1358 2272 1551 2300 amicissimus
1574 2267 1672 2300 mihi1“

303 2317 341 2345 D.
368 2317 414 2345 16.
438 2316 511 2345 Dec.
536 2317 687 2354 praedicat
709 2317 854 2354 Principis
878 2316 1022 2344 Electoris
1044 2316 1289 2350 munificentiam,
1319 2316 1364 2343 vel
1393 2316 1472 2353 quod
1502 2316 1611 2343 donum
1639 2313 1674 2342 ab
1703 2323 1737 2341 eo
1767 2314 1896 2350 accepit,
1925 2312 1969 2341 vel
2002 2314 2080 2351 quod
2109 2314 2160 2342 sti-

150 2360 286 2398 pendium
310 2360 336 2388 ei
358 2365 474 2388 auctum
498 2360 560 2396 fuit,
584 2360 785 2398 promittitque
813 2359 1046 2388 ardentissimum
1076 2360 1217 2395 studium,
1237 2365 1266 2387 ut
1289 2360 1422 2387 docendo
1451 2358 1663 2395 scribendoque
1694 2357 1870 2385 Academiae
1894 2356 1991 2384 Viteb.
2023 2356 2161 2395 splendo-

148 2413 209 2431 rem
233 2408 346 2441 augeat.

994 2529 1148 2560 ANNO
1192 2528 1315 2561 1519.

152 2617 214 2647 lan.
290 2620 317 2647 ξ).
340 2617 464 2647 Erasmo
488 2618 588 2646 scribit
611 2623 640 2645 et
663 2623 792 2646 avertere
815 2617 910 2645 studet
932 2616 1116 2652 calumniam,
1141 2617 1216 2654 quod
1240 2622 1341 2644 notare
1364 2615 1505 2644 voluisset
1529 2615 1642 2644 Erasini
1665 2615 1890 2643 commentarios
1911 2615 1941 2643 in
1966 2613 2003 2643 N.
2026 2613 2062 2643 T.
