2299 2921
144 167 190 200 25

149 261 230 300 Sept.

149 305 216 336 Oct.

268 432 315 461 12.

267 476 316 504 19.

265 518 315 546 27.

149 560 229 591 Rev,

268 689 317 718 12.

271 735 317 762 17.

268 778 316 805 18.

171 817 317 849 20—30.

263 1755 312 1784 25.

153 1840 222 1869 Dec.
267 1841 315 1869 20.

151 2183 212 2212 lan.
288 2184 315 2212 7.

268 2226 317 2255 23.

153 2352 237 2382 Febr.
269 2354 316 2382 10.

269 2438 318 2468 28.

288 2483 316 2510 5.
341 2482 458 2519 Accipit
480 2483 608 2510 codicem
632 2482 820 2519 Hippocratis
843 2491 861 2509 a
882 2480 1058 2509 Camerario.

289 2526 319 2554 9.

153 2482 237 2511 Mart.

268 2610 317 2640 22.

919 160 951 192 ¹1.
995 157 1205 211 ANNALES
1228 155 1374 190 VITAE.
2110 157 2155 189 26

335 260 403 290 Hoc
423 268 523 288 mense
545 259 659 287 videtur
680 259 784 286 iterum
807 261 966 294 occupatus
989 255 1078 284 fuisse
1101 255 1266 283 visitatione
1289 252 1485 282 ecclesiarum.

339 301 507 341 Comperit,
537 301 707 339 Agricolam
735 300 819 328 valde
847 299 1061 338 reprehendere
1088 298 1195 326 librum
1225 296 1418 330 visitationis,
1447 294 1529 323 cuius
1558 294 1699 330 quaedam
1728 293 1820 321 forma
1846 293 1937 321 invito
1966 293 2155 323 Melanthone

372 345 528 383 prodierat.

338 388 429 417 Fama
450 392 511 415 erat
532 385 692 415 Lntherum
717 385 891 414 sententiam
915 394 998 413 suam
1022 384 1059 412 de
1079 383 1259 420 poenitentia
1281 385 1462 410 retractasse.

338 430 487 458 Lutherus
510 429 616 457 librum
639 429 820 457 visitatorum
843 437 907 456 cum
931 437 986 456 sua
1007 435 1129 454 censura
1147 426 1235 454 mittit
1254 425 1290 453 ad
1313 424 1478 460 Principem
1502 422 1677 450 Electorem.

339 473 430 502 Mittit
447 472 617 500 Melanthon
630 470 781 510 Spalatino
805 470 1042 499 commentarium
1064 469 1094 497 in
1106 468 1307 503 Cobssenses,
1332 472 1361 496 et
1382 467 1537 504 imaginem
1560 475 1642 494 suam
1665 474 1683 492 a
1706 465 1832 502 quodam
1849 465 1959 493 artifice
1978 473 2154 502 expressam.

338 515 511 545 Melanthon
534 515 648 543 cholica
668 519 808 551 aegrotat.

337 559 460 587 Ineunte
482 557 560 586 Nov.
584 557 756 586 Melanthon
779 556 878 584 scribit
902 555 1055 593 epistolam
1079 555 1116 582 ad
1138 553 1323 591 Agricolam,
1351 553 1489 590 illamque
1513 552 1538 580 ei
1561 550 1648 579 mittit
1670 560 1723 588 per
1745 550 1920 586 Lutherum,
1947 551 1979 578 in
2001 559 2059 587 qua
2080 549 2157 577 refu-

373 607 435 630 tare
458 601 554 629 studet
578 610 621 634 ea,
644 610 718 637 quae
729 599 869 636 Agricola
887 603 989 626 contra
1011 598 1079 627 Mel.
1103 597 1263 626 doctrinam
1287 597 1323 625 de
1344 595 1525 634 poenitentia
1542 599 1703 636 monuerat.
1738 594 1848 622 Eadem
1872 594 1907 621 de
1930 603 1961 621 re
1984 593 2155 621 sentenrim

374 653 456 673 suam
480 643 580 672 scribit
602 641 690 680 Casp.
713 642 846 679 Aquilae.

340 687 490 716 Adversus
511 687 721 723 Anabaptistas
744 685 869 713 scribere
891 684 1031 712 decernit.

341 730 578 759 Controversiam
601 729 638 757 de
661 737 752 756 coena
774 737 866 761 sacra,
889 726 1016 763 Coburgi
1039 730 1142 760 ortam,
1164 733 1340 762 componere
1362 724 1466 752 studet.

341 773 376 800 In
400 772 496 800 aulam
519 777 639 800 vocatur
661 776 780 809 propter
802 770 1013 806 inspectionem
1037 769 1245 797 Ecclesiarum.

340 815 498 852 Torgam
519 815 714 852 proficiscitur
736 813 905 841 Melanthon
928 813 964 840 ad
987 811 1256 848 recognoscendum
1279 809 1383 838 librum
1413 809 1596 837 visitationis.
1642 809 1686 836 Eo
1714 808 2063 838 venerunPLutherus
2087 816 2157 844 quo—

378 868 434 896 que
454 863 482 886 et
500 857 690 894 Agricola.
728 855 942 892 Colloquuntur
962 850 1129 882 Melantho'n
1148 858 1175 881 et
1188 852 1327 890 Agricola
1349 853 1384 880 de
1407 852 1539 880 doctrina
1562 852 1597 880 de
1621 852 1799 888 poenitentia
1821 857 1849 880 et
1871 853 1906 880 de
1928 852 1964 879 iis
1984 860 2058 888 quac
2070 850 2157 887 Agri-

378 901 444 930 cola
465 901 496 928 in
518 900 616 928 libello
639 909 743 937 parvo,
774 899 851 935 quod
873 898 966 926 inscio
989 897 1176 924 Melanthone
1198 896 1287 933 paulo
1309 899 1376 922 ante
1399 895 1560 932 prodierat,
1590 895 1717 923 taxabat.
1764 896 1869 924 Totam
1892 904 1953 922 rem
1975 898 2074 921 narrat
2098 894 2158 921 Me-

377 944 499 972 lanthon
519 944 581 980 ipse
603 944 633 971 in
657 941 788 979 epistolis
810 942 837 969 d.
865 941 911 968 lO.
938 941 984 968 18.
1007 940 1056 967 20.
1081 939 1153 967 Dec.
1177 939 1214 966 ad
1237 938 1361 971 amicos,
1392 938 1420 965 in
1444 938 1546 975 primis
1576 938 1612 964 ad
1636 937 1737 966 Ionam
1760 943 1788 966 et
1811 937 2010 967 camerarium
2033 936 2157 973 scriptis,

377 1004 418 1008 —
442 987 596 1014 Manifeste
618 990 713 1013 autem
738 989 834 1012 errant
856 984 887 1019 ii,
911 983 960 1020 qni
983 987 1085 1019 putant.
1107 981 1184 1009 hunc
1208 986 1381 1009 conventum
1397 981 1627 1017 Torgaviensem
1650 980 1739 1009 fuisse
1760 990 1859 1009 mense
1874 979 2047 1017 Septembri.
2085 979 2158 1008 Eius

378 1029 485 1058 erroris
507 1038 596 1057 causa
618 1037 675 1056 una
696 1032 807 1056 tantum
841 1031 900 1061 est,
936 1025 1070 1053 videlicet
1100 1022 1224 1060 epistola
1245 1023 1442 1051 Melanthonis
1465 1024 1501 1051 ad
1525 1022 1740 1058 Camerarium,
1769 1033 1854 1062 quam
1876 1023 1942 1050 dedi
1961 1023 1987 1050 d.
2013 1022 2061 1050 20.
2084 1022 2158 1051 Dec.

331 1083 340 1092 ·
378 1072 432 1100 Illa
460 1072 535 1099 enim
564 1073 632 1099 data
660 1080 723 1098 esse
752 1070 858 1097 dicitur
885 1069 915 1096 in
939 1069 996 1095 fine
1026 1066 1083 1103 „X.
1107 1064 1227 1094 Calend.
1253 1065 1397 1100 Nox-brss,
1426 1067 1445 1093 i.
1469 1076 1492 1093 e.
1517 1066 1544 1094 d.
1569 1066 1616 1093 ‘23-
1641 1065 1784 1096 Octobris.
1831 1066 1928 1102 Quum
1952 1070 2048 1093 autem
2070 1065 2100 1092 in
2123 1074 2160 1093 ea

376 1114 547 1142 Melanthon
569 1115 662 1142 dicat:
705 1111 778 1148 „Fui
798 1112 915 1147 Torgae
934 1110 1086 1148 proximo
1110 1112 1240 1143 mense“,
1263 1113 1422 1136 conventus
1444 1109 1493 1136 ille
1515 1117 1615 1135 mense
1637 1107 1715 1146 Sept.
1741 1109 1830 1137 fuisse
1854 1109 2016 1146 putabatur.
2065 1109 2106 1136 At
2127 1108 2158 1136 in

376 1157 434 1184 illis
458 1157 552 1184 verbis
577 1156 634 1192 ᾖΧ.
651 1153 713 1182 Cal.
730 1154 894 1182 Novemb.“
920 1153 1090 1181 manifestus
1113 1162 1194 1180 error
1217 1152 1420 1188 agnoscendus
1444 1156 1496 1186 est,
1520 1158 1550 1179 ut
1573 1152 1656 1179 docet
1676 1152 1767 1179 series
1791 1157 1819 1179 et
1832 1157 2034 1188 argumentum
2054 1151 2158 1187 episto-

375 1199 468 1226 larum
493 1198 698 1233 Melanthonis,
722 1197 903 1234 potissimum
927 1196 1049 1233 epistola
1072 1196 1108 1223 ad
1132 1195 1231 1223 Ionam
1256 1195 1282 1222 d.
1310 1195 1356 1221 ⁵20.
1379 1194 1469 1229 Dec,
1497 1204 1571 1230 quac
1600 1204 1666 1221 cuni
1695 1204 1730 1221 ca
1756 1195 1793 1222 ad
1816 1193 2015 1222 Camerarium
2037 1194 2106 1221 data
2128 1194 2158 1222 in

376 1242 509 1279 plurimis
530 1242 679 1274 convenit,
714 1245 742 1268 et
776 1240 852 1267 haud
887 1240 974 1267 dubie
1003 1239 1103 1267 eodem
1133 1244 1263 1275 tempore
1285 1237 1393 1273 scripta
1416 1242 1466 1265 est.
1513 1236 1591 1264 Idem
1623 1237 1795 1273 intelligitur
1818 1247 1854 1265 ex
1877 1237 2006 1274 epistolis
2028 1236 2158 1264 Lutheri.

375 1283 481 1321 Neque
505 1286 580 1312 enim
603 1284 751 1312 Lutherus
774 1292 867 1318 neque
890 1282 1044 1319 Philippus
1066 1281 1185 1309 verbum
1209 1281 1318 1308 habent
1338 1281 1374 1307 de
1399 1285 1540 1307 conventu
1561 1279 1755 1316 Torgaviensi
1776 1289 1873 1307 mense
1890 1278 1980 1317 Sept,
2003 1284 2031 1307 et
2050 1278 2159 1307 Luthe-

376 1337 425 1356 rus
449 1328 512 1356 eius
534 1327 708 1355 mentionem
732 1327 846 1353 demum
877 1325 947 1352 facit
974 1326 1004 1352 in
1034 1334 1078 1362 ep.
1102 1324 1130 1352 d.
1158 1324 1205 1351 10.
1230 1324 1300 1351 Dec.
1323 1323 1359 1350 ad
1383 1323 1482 1350 Ionam
1504 1323 1620 1359 scripta.
1666 1321 1696 1350 Si
1726 1327 1885 1350 conventus
1905 1323 1954 1350 ille
1977 1323 2034 1350 iam
2058 1331 2158 1350 mense

376 1369 457 1407 Sept.
480 1370 597 1403 suisset,
624 1368 771 1397 Lutherus
794 1368 874 1395 nullo
898 1367 1038 1404 potuisset
1065 1367 1150 1394 niodo
1174 1367 1200 1394 d.
1227 1366 1275 1394 27.
1295 1364 1359 1393 Oct.
1382 1366 1419 1393 ad
1443 1365 1659 1393 Melantlizmem
1684 1366 1824 1393 scribere:
1872 1364 2001 1401 „Scribis
2024 1370 2052 1392 te
2076 1365 2159 1401 flagi-

376 1414 430 1440 tari
452 1422 471 1440 a
493 1413 627 1449 quodam,
651 1412 728 1448 quod
751 1411 957 1448 poenitentiam
981 1420 999 1438 a
1020 1410 1123 1437 timore
1145 1409 1256 1437 domini
1278 1408 1368 1446 incipi
1391 1409 1524 1436 docueris
1547 1409 1576 1436 in
1601 1408 1765 1436 visitatione
1787 1414 1890 1437 vestra.
1936 1406 2058 1445 Scripsit
2080 1408 2158 1436 simi-

376 1455 416 1483 lia
438 1455 497 1483 fere
521 1456 660 1493 Magister
686 1454 878 1483 Islebius.“
925 1453 1068 1490 Loquitur
1090 1453 1179 1489 igitur
1201 1452 1255 1480 hac
1278 1452 1314 1479 de
1336 1461 1368 1479 re
1390 1452 1471 1487 quasi
1494 1451 1675 1479 Melanthoni
1705 1452 1834 1479 nondum
1862 1456 1950 1484 nota,
1980 1451 2058 1488 quod
2089 1460 2158 1479 vero

376 1503 442 1535 post
465 1503 638 1526 conventum
661 1497 841 1534 Torgensem
860 1506 917 1524 non
941 1497 1090 1533 potuisset.
1135 1495 1271 1532 Denique
1304 1504 1364 1522 rem
1389 1495 1519 1529 conficit,
1554 1494 1631 1531 quod
1654 1495 1836 1523 Melanthoni
1867 1504 1901 1522 eo
1925 1499 2073 1532 tempore,
2101 1503 2158 1530 quo

376 1541 493 1577 Torgae
515 1546 599 1576 esset,
622 1541 657 1568 ab
681 1549 782 1574 uxore,
806 1539 893 1567 lenae
917 1544 1041 1573 versata,
1065 1539 1153 1573 filius,
1175 1537 1374 1574 GeorgiuS,
1399 1543 1484 1566 natus
1508 1542 1560 1572 est,
1585 1543 1613 1564 et
1636 1538 1751 1573 quidem
1775 1538 1822 1565 die
1844 1537 2029 1572 Catharinae,
2053 1537 2081 1565 d.
2107 1537 2158 1567 25,

375 1582 561 1612 Novembri...
607 1583 705 1611 Verba
726 1583 815 1618 igitur
835 1583 865 1610 in
888 1583 969 1619 epist.
994 1583 1030 1609 ad
1044 1581 1193 1610 Camerar.
1218 1581 1267 1617 „d.
1288 1579 1328 1609 X.
1354 1579 1420 1608 Gal.
1435 1579 1570 1609 N0z·l17·.“
1599 1580 1642 1607 vel
1665 1581 1701 1608 ab
1725 1581 1834 1609 editore
1857 1590 1894 1608 ex
1916 1580 2034 1608 arbitrio
2058 1580 2159 1607 addita

376 1631 452 1661 sunt,
473 1626 517 1654 vel
540 1627 677 1654 mendose
700 1625 775 1653 lecta
798 1630 825 1652 et
848 1626 934 1660 edita,
958 1625 1002 1652 vel
1025 1625 1122 1659 ctiam,
1145 1625 1171 1652 si
1193 1625 1286 1652 editor
1308 1624 1385 1651 diem
1409 1625 1494 1651 datae
1513 1624 1653 1660 epistolae
1669 1623 1865 1652 Romanorum
1889 1632 1969 1651 more
1991 1623 2158 1659 significare

376 1669 476 1705 voluit,
500 1679 537 1697 ex
556 1679 652 1697 errorc
675 1669 704 1696 in
728 1668 816 1695 alium
839 1669 914 1696 diem
935 1673 1052 1696 mutata.
1091 1667 1256 1696 Similitudo
1280 1667 1467 1704 epistolarum
1491 1667 1528 1694 ad
1552 1667 1653 1694 Ionam
1671 1672 1697 1694 et
1711 1666 1911 1695 Camerarium
1932 1666 2027 1701 docet,
2050 1670 2157 1694 utram-

374 1722 431 1749 que
454 1713 554 1740 eodem
578 1713 637 1740 fere
660 1712 706 1739 die
729 1711 865 1747 scriptam
890 1721 963 1746 esse,
983 1711 1067 1738 videl.
1090 1711 1117 1738 d.
1143 1710 1191 1738 20.
1217 1710 1289 1738 Dec.

337 1754 461 1783 Filiolus
483 1756 612 1783 nascitur
636 1754 816 1782 Melanthoni
840 1754 944 1788 Icn‘ie,
968 1754 1033 1791 ipso
1057 1754 1194 1788 absente,
1218 1751 1405 1789 Georgius
1428 1752 1611 1785 nominatus,
1635 1752 1669 1780 cf.
1695 1752 1781 1780 etiam
1804 1761 1849 1789 ep.
1869 1752 1906 1780 ad
1923 1752 2053 1780 Meuium
2076 1752 2103 1779 d.
2128 1751 2155 1779 2.

372 1796 450 1835 Sept.
479 1799 569 1833 1529,
591 1804 619 1826 et
641 1799 676 1825 ad
696 1795 843 1825 Camerar.
866 1797 893 1825 d.
918 1798 944 1825 7.
970 1796 1032 1825 Ian.
1059 1797 1148 1824 1528.

340 1840 449 1868 Narrat
472 1842 582 1876 amicis,
606 1841 674 1877 quid
697 1840 813 1877 Torgae
836 1840 911 1867 inm·
934 1840 1028 1876 ipsum
1052 1845 1079 1866 et
1102 1839 1270 1876 Agricolam
1296 1844 1323 1866 et
1342 1838 1501 1865 Lutheruni
1525 1842 1622 1866 actum
1644 1838 1690 1866 sit.
1717 1853 1722 1858 ·

339 1884 475 1911 Excunte
498 1893 575 1911 anno
597 1884 697 1912 scribit
720 1888 820 1910 contra
843 1882 1061 1919 Anabaptistas.

339 1925 406 1955 Hoc
428 1936 505 1954 anno
527 1927 672 1964 praefatur
695 1927 725 1954 in
749 1925 851 1954 Nonni
874 1925 1065 1963 paraphrasin
1088 1925 1118 1952 in
1142 1925 1254 1962 Evang.
1278 1924 1398 1952 Ioannis
1421 1929 1449 1952 et
1471 1925 1500 1951 in
1526 1923 1581 1951 lac.
1606 1923 1718 1961 Micylli
1741 1924 1896 1951 metricam.

995 2051 1313 2083 ANN01528.

728 2121 872 2152 (Mensibus
890 2121 994 2146 Ianuar.
1014 2121 1089 2146 Febr.
1111 2126 1137 2145 et
1154 2121 1230 2144 Mart.
1250 2120 1403 2143 Melanthon
1423 2119 1500 2143 lenae
1519 2120 1580 2149 cst.)

338 2183 430 2211 Audit
449 2183 630 2217 Melanthon,
653 2182 771 2210 tratrem
793 2181 952 2210 Camerarii
974 2182 1127 2210 liberatum
1151 2191 1214 2210 esse
1237 2191 1275 2209 cx
1298 2190 1423 2209 carcere.

341 2227 461 2254 Vitum
486 2225 769 2259 Winshemium,
791 2225 841 2261 qui
865 2225 894 2252 in
914 2225 1015 2253 schola
1035 2225 1148 2253 lenensi
1163 2231 1302 2258 versatur,
1325 2224 1509 2252 commendat
1521 2222 1816 2258 Norinbergcnsibus,
1840 2227 1871 2249 ut
1893 2221 2037 2258 stipendio
2052 2221 2156 2248 alatur.

340 2268 407 2297 Hoc
431 2278 529 2297 mense
549 2269 695 2296 Lutherus
718 2268 822 2295 librum
849 2267 1038 2303 „Unterricht
1060 2268 1111 2295 der
1134 2268 1344 2301 Visitator‹311“,
1368 2276 1451 2303 quem
1477 2266 1615 2302 scriptum
1640 2274 1657 2292 a
1676 2265 1813 2302 Principe
1832 2264 1967 2292 Electore
1991 2268 2156 2301 acceperat,

374 2316 406 2338 ut
428 2311 509 2339 illum
534 2311 705 2349 perlegeret,
730 2311 857 2347 Principi
880 2310 1008 2338 Electori
1029 2310 1160 2345 remittit,
1183 2319 1322 2347 suamque
1345 2309 1520 2338 sententiam
1543 2308 1704 2344 perscribit.

339 2353 426 2381 Liber
450 2355 623 2382 visitationis
646 2354 803 2381 excuditur.
854 2387 857 2390 .

341 2397 439 2425 Medio
462 2397 548 2426 Febr.
571 2397 740 2425 Melanthon
762 2397 817 2423 iter
838 2395 909 2423 facit
930 2396 966 2423 ad
988 2395 1241 2424 Reiffensteinium
1265 2394 1456 2432 Stolbergam,
1480 2403 1537 2432 quo
1560 2398 1678 2421 venerat
1700 2391 1856 2421 Caesarius
1880 2391 2012 2421 Colonia.

341 2439 448 2467 Iterum
471 2445 515 2468 est
539 2440 634 2468 lenae.

342 2524 459 2553 Foedus
478 2526 555 2553 inter
577 2525 742 2561 Principem
766 2524 856 2552 Elect.
881 2522 950 2552 Sax.
976 2528 1005 2551 et
1021 2523 1236 2560 Landgravium
1254 2522 1390 2556 Hassiae,
1412 2528 1444 2550 ut
1466 2522 1520 2550 sibi
1544 2527 1665 2549 caveant
1688 2530 1706 2548 a
1729 2519 2057 2553 Romano—Catholicis⁷
2082 2529 2156 2556 quos

375 2568 478 2606 foedus
500 2569 536 2595 ad
559 2568 780 2605 supprimendos
802 2567 996 2604 Evangelicos
1020 2567 1093 2594 clam
1116 2567 1245 2600 inivisse,
1266 2565 1336 2594 Otto
1361 2565 1486 2592 Packius
1509 2564 1735 2592 denunciaverat
1758 2563 1945 2600 Landgravio
1969 2562 2103 2590 Hassiae.

340 2611 464 2640 Erasmo
485 2610 585 2639 scribit
607 2611 643 2638 de
665 2611 715 2639 lite
739 2610 867 2639 eiusdem
891 2619 956 2638 eum
979 2609 1107 2638 Luthero
1131 2610 1166 2637 de
1188 2609 1281 2637 libero
1304 2609 1431 2636 arbitrio.
