2299 2921
156 133 200 168 35
804 135 992 167 PHlLlPPI
1013 134 1329 168 MELANTHONIS
1352 134 1513 167 OPERA.
2116 137 2160 169 36

155 228 214 261 Iul.
276 232 324 261 15.
346 230 455 260 Caesar
475 231 619 269 theologis
644 231 748 260 cathol.
777 231 870 259 reddit
896 231 1122 259 confutationem
1154 231 1229 267 Aug.
1249 231 1333 265 confi,
1356 235 1388 259 ut
1411 241 1474 259 eam
1494 232 1655 260 emendent.
1678 249 1718 253 -
1741 230 1865 266 Caesar,
1899 233 1986 260 minis
2011 233 2162 270 inspersis,

382 275 462 311 petit,
486 279 516 302 ut
538 274 738 302 Protestantes
761 284 836 302 nova
859 274 995 310 dogmata
1016 273 1154 301 abiiciant
1177 278 1205 300 et
1227 273 1263 301 ad
1283 278 1410 301 veterem
1434 274 1584 303 Ecclesiae
1608 276 1770 303 doctrinam
1788 276 1916 303 redeant.

347 316 493 345 Lutherus
516 317 658 353 theologis
682 319 834 354 Augustae
858 316 1040 353 congregatis
1060 316 1169 350 scribit,
1193 316 1333 353 optimum
1357 325 1432 351 esse,
1456 321 1487 345 ut
1510 327 1545 345 ex
1569 318 1692 346 comitiis
1715 318 1874 346 discedant.

274 360 323 389 21.
347 360 498 396 Principes
520 360 643 388 Protest.
667 359 844 396 respondent
856 356 985 393 Caesari,
1007 367 1038 386 se
1060 359 1210 386 veritatem
1235 368 1271 386 ex
1293 359 1438 397 scriptura
1460 369 1544 388 sacra
1566 361 1711 398 cognitam
1734 370 1880 398 nunquam
1904 369 1967 389 esse
1984 360 2162 389 deserturos.

346 402 467 430 Lutheri
491 401 615 440 epistola
638 402 673 428 ad
693 401 908 429 Melanthonem
931 401 967 429 de
990 402 1161 429 auctoritate
1184 402 1370 429 traditionum
1391 402 1660 431 ecclesiasticarum.

274 446 323 473 23.
346 444 515 472 Bucerus
546 453 609 471 cum
635 444 768 471 Pontano
802 444 863 481 agit
893 444 928 471 de
952 444 1140 473 admittendis
1163 444 1355 482 Zwinglianis
1378 445 1408 473 in
1431 447 1600 474 societatem
1622 446 1853 474 Lntheranorum
1878 450 1905 474 et
1923 446 1959 473 de
1982 445 2163 474 concilianda

382 488 529 524 utriusque
553 486 642 523 partis
665 487 798 514 doctrina
820 486 856 513 de
879 495 970 514 coena
991 495 1081 515 sacra.
1133 487 1213 523 (Vid.
1242 488 1303 515 eius
1326 488 1406 524 epist.
1431 489 1468 516 ad
1490 488 1656 516 Pontanum
1685 489 1762 526 apud
1781 488 1938 518 Coelestin.
1963 488 2001 517 II.
2024 498 2052 526 p.
2077 488 2162 525 294.)

275 530 324 559 25.
350 529 520 557 Melanthon
545 529 705 556 doctrinam
725 528 975 566 Zwinglianorum
998 530 1033 556 de
1052 539 1075 558 s.
1100 539 1191 557 coena
1212 531 1366 567 improbat.

274 572 322 600 26.
346 572 481 604 Rosellii,
505 571 621 605 Veneti,
645 572 681 599 ad
706 572 924 599 Melanthonem
949 572 1074 609 epistola
1093 573 1181 609 prior,
1206 582 1289 609 quem
1313 574 1349 601 ad
1372 574 1565 602 constantiam
1586 575 1768 603 adhortatur.

271 615 320 643 27.
343 615 411 642 Mel.
436 615 588 642 Erasmum
609 613 706 642 Roter.
731 620 825 651 rogat,
849 619 882 642 ut
904 614 1060 643 Caesarem
1082 615 1199 651 placare
1219 616 1341 644 studeat.

272 658 319 686 28.
345 658 473 685 Bucerus
493 662 519 684 et
542 656 646 693 Capito
668 667 731 684 cum
751 658 939 685 Melanthone
958 667 1010 694 per
1032 657 1145 685 litteras
1169 662 1259 695 agunt
1282 658 1318 685 de
1340 667 1364 686 s.
1390 667 1489 687 coena.

273 701 322 729 31.
346 700 417 728 Dux
439 700 586 728 Saxoniae
611 699 728 727 Elector
746 706 829 737 parat
847 701 1017 728 discessum.

156 745 234 781 Aug.
301 745 326 771 1.
348 743 470 771 Rosellii
495 742 619 780 epistola
640 744 784 780 posterior
803 744 840 771 ad
864 743 1092 771 Melanthonem.
1117 760 1157 763 —
1180 742 1310 771 Bucerus
1333 743 1437 771 iterum
1456 744 1512 772 hoc
1531 745 1577 772 die
1601 744 1745 772 scribitad
1760 745 1932 772 Pontanum.
1963 743 2047 781 (Vid.
2072 743 2160 780 epist.

380 787 441 814 eius
464 785 542 823 apud
565 784 722 814 Coelestin.
743 785 782 814 II.
806 796 834 824 p.
857 786 926 815 297.
952 790 979 813 et
1001 786 1031 813 in
1055 786 1118 815 cod.
1143 784 1231 814 Goth.
1259 786 1327 814 190.
1352 796 1378 823 p.
1404 787 1473 815 185.
1493 787 1542 814 ubi
1564 787 1594 814 in
1617 788 1673 814 fine
1696 787 1758 815 dies
1775 787 1904 815 additur:
1931 786 2086 824 „Calendis
2101 788 2164 814 Au-

377 829 500 866 gusti.“)

290 872 318 900 3.
341 871 490 899 Refutatio
509 871 659 908 pontificia
681 871 795 908 publice
818 872 966 906 recitatur,
989 880 1045 908 qua
1065 871 1136 899 satis
1170 870 1369 899 Protestantes
1403 871 1546 899 refutatos
1576 880 1638 899 esse
1661 871 1770 900 Caesar
1794 872 1931 901 declarat.
1951 887 1994 891 —
2016 871 2162 900 Lutherus

378 914 560 942 Melanthoni
582 915 739 951 respondet
757 915 792 942 de
814 914 1026 942 traditionibus.

294 959 321 985 4.
346 957 411 985 Mel.
443 957 541 984 scribit
564 957 601 984 ad
631 955 821 994 Campegium
852 955 1037 985 Cardinalem
1073 957 1108 984 de
1137 956 1352 985 conditionibus
1383 957 1464 993 pacis
1487 957 1648 985 faciendae.
1669 973 1711 977 —
1734 956 1864 984 Bucerus
1887 956 1984 984 denuo
2002 956 2102 984 scribit
2124 957 2161 984 ad

382 999 562 1033 Pontanum,
592 1009 732 1037 suamque
765 1010 826 1028 rem
855 1000 992 1027 defendit.
1039 999 1125 1037 (Eius
1154 1000 1237 1036 epist.
1268 1000 1388 1027 habetur
1415 1001 1493 1037 apud
1517 999 1643 1028 Coelest.
1667 999 1706 1029 II.
1731 1009 1759 1036 p.
1786 1000 1859 1027 301.
1884 1004 1912 1026 et
1929 999 1960 1027 in
1981 999 2043 1027 cod.
2069 998 2160 1027 Goth.

385 1043 451 1071 190.
476 1053 502 1080 p.
531 1043 613 1078 180.)

294 1086 321 1114 5.
346 1085 544 1113 Protestantes
568 1095 584 1112 a
602 1083 729 1113 Caesare
752 1085 859 1113 frustra
881 1090 990 1123 petunt,
1011 1090 1041 1113 ut
1059 1085 1130 1122 ipsis
1154 1085 1342 1122 apographon
1368 1085 1575 1113 confutationis
1598 1085 1767 1122 pontificiae
1791 1085 1929 1114 tradatur.

295 1129 322 1157 6.
346 1128 498 1165 Philippus
521 1128 646 1165 Landgr.
672 1128 758 1157 Hass.
783 1128 857 1156 clam
889 1128 1011 1157 discedit
1038 1129 1180 1165 Augusta,
1212 1132 1240 1155 et
1266 1138 1316 1165 per
1336 1127 1448 1156 litteras
1476 1128 1568 1165 (apud
1599 1128 1772 1155 Muellerum
1798 1137 1825 1164 p.
1853 1128 1939 1163 713.)
1958 1127 2070 1155 Ducem
2093 1125 2163 1155 Sax.

295 1515 311 1544 7

298 1559 324 1587 8.

297 1602 314 1630 9

279 1731 327 1760 10.

382 1171 545 1199 Electorem
567 1171 706 1206 hortatur,
730 1176 760 1199 ut
784 1171 866 1199 fortis
890 1172 926 1199 sit
949 1172 978 1199 in
1002 1171 1181 1198 defendenda
1200 1180 1287 1199 causa
1309 1171 1472 1206 communi,
1493 1172 1576 1208 eique
1599 1171 1741 1199 auxilium
1764 1171 1912 1207 promittit.
1936 1187 1972 1192 -
1990 1169 2163 1198 Melanthon

381 1223 412 1241 se
435 1220 537 1251 purgat
557 1212 716 1251 Campegio
740 1215 775 1242 de
799 1214 943 1242 calumnia
965 1214 1072 1251 aliqua.

348 1255 474 1291 Delecti,
497 1262 529 1284 ut
552 1257 587 1285 de
611 1258 767 1285 concordia
786 1258 816 1284 in
841 1266 929 1284 causa
952 1257 1100 1284 doctrinae
1119 1256 1294 1283 christianae
1316 1256 1449 1283 facienda
1467 1256 1682 1288 deliberarent,
1702 1255 1836 1283 videlieet
1858 1255 1934 1282 XVI
1960 1255 2112 1291 Principes
2135 1259 2164 1282 et

382 1300 521 1337 Episcopi
545 1300 740 1336 (Archiepisc.
765 1300 953 1336 Moguntinus
985 1299 1151 1327 Ioachimus
1174 1299 1283 1327 March.
1307 1298 1436 1332 Elector,
1460 1299 1548 1335 legati
1571 1298 1778 1332 Trevirenses,
1802 1298 1929 1325 Palatini
1953 1304 1979 1325 et
2003 1298 2163 1333 Badenses,

383 1343 632 1380 Archiepiscopus
664 1341 832 1379 Sahsburg„
863 1341 1009 1379 Georgius
1029 1342 1100 1370 Dux
1128 1340 1250 1375 Saxon..
1280 1340 1427 1370 Henricus
1456 1340 1527 1368 Dux
1558 1340 1698 1375 Brunsv.,
1724 1341 1861 1368 Albertus
1880 1339 1950 1368 Dux
1974 1340 2163 1377 Megelburg.,

382 1385 523 1423 Episcopi
544 1385 776 1420 Wormatiensis,
800 1385 1056 1422 Argentoratensis
1080 1389 1108 1412 et
1127 1385 1325 1422 Augustanus,
1350 1383 1495 1421 Georgius
1513 1383 1675 1412 Truchsess
1698 1384 1810 1420 legatus
1822 1384 1935 1417 Ausa..
1949 1383 2049 1411 Abbas
2063 1382 2162 1410 Wein-

381 1433 455 1465 gart.
482 1432 509 1456 et
538 1429 680 1457 Martinus
703 1426 809 1457 Comes
840 1428 982 1466 Oetting.)
1017 1428 1044 1457 d.
1070 1428 1096 1456 6.
1118 1430 1196 1465 Aug.
1223 1427 1406 1456 conveniunt.
1455 1427 1646 1456 Mediatorem
1678 1427 1755 1455 inter
1783 1431 1935 1463 utramque
1960 1430 2070 1463 partem
2094 1425 2164 1454 facit

383 1471 548 1499 Ioachimus
571 1471 736 1499 Brandenb.

317 1537 322 1543 .
347 1513 462 1543 Delecti
485 1515 625 1552 quaedam
649 1514 880 1544 Protestantibus
903 1518 1079 1552 proponunt,
1101 1523 1159 1542 non
1182 1514 1245 1541 sine
1268 1513 1362 1542 minis.
1408 1513 1490 1551 (Vid.
1513 1512 1646 1541 Mueller.
1666 1522 1693 1549 p.
1719 1513 1804 1548 714.)

347 1558 518 1587 Deliberant
540 1558 740 1587 Protestantes
763 1559 799 1586 de
819 1567 961 1596 responso
985 1556 1145 1585 Catholicis
1167 1557 1273 1584 dando.

319 1624 325 1631 .
349 1602 547 1630 Protestantes
569 1602 727 1639 interprete
748 1601 892 1635 Pontano,
911 1600 1092 1629 Cancellario
1116 1598 1237 1635 Saxon.,
1261 1599 1331 1636 (vid.
1356 1608 1400 1636 ep.
1423 1599 1543 1636 legator.
1554 1597 1679 1626 Non'nb.
1704 1598 1731 1625 d.
1754 1597 1781 1626 d.
1804 1598 1849 1624 11.
1874 1598 1961 1633 Aug.)
1984 1597 2163 1633 respondent

385 1644 553 1673 Catholicis.
601 1644 716 1681 (Habes
749 1653 920 1682 responsum
946 1643 1023 1681 apud
1052 1642 1152 1682 Chytr.
1171 1652 1200 1680 p.
1224 1642 1294 1670 224.
1336 1641 1508 1670 Muellerum
1531 1651 1559 1678 p.
1584 1640 1654 1669 716.
1679 1644 1706 1668 et
1732 1639 1897 1667 Walchium
1920 1640 1949 1667 in
1979 1649 2045 1677 opp.
2076 1639 2162 1668 Luth.

349 1698 577 1758 ErasmuspRot.
600 1731 701 1759 scribit
723 1730 759 1757 ad
778 1729 979 1767 Campegium‚
1004 1739 1040 1756 ne
1054 1728 1163 1757 Caesar
1186 1728 1273 1756 armis
1295 1731 1392 1755 utatur
1421 1727 1561 1755 adversus
1583 1725 1791 1753 protestantes.
1832 1726 1911 1761 (Vid.
1936 1726 1997 1753 eius
2016 1735 2060 1763 ep.
2085 1725 2162 1763 apud

384 1771 509 1801 Coelest.
534 1772 588 1800 III.
612 1783 638 1810 p.
661 1773 754 1808 2910.)

276 1818 321 1845 11.
346 1815 432 1844 Nova
461 1815 639 1843 delectorum
669 1816 705 1843 ad
729 1816 927 1843 Protestantes
959 1814 1125 1842 declaratio.
1171 1813 1273 1850 (Apud
1298 1812 1396 1850 Chytr.
1418 1822 1446 1848 p.
1474 1812 1544 1840 227.
1593 1811 1766 1839 Muellerum
1801 1821 1828 1847 p.
1852 1811 1922 1838 722.
1944 1816 1971 1838 et
1994 1810 2109 1839 Walch.
2133 1811 2163 1838 in

279 1902 315 1930 13

280 1989 317 2016 15

281 2266 326 2317 16*

277 2417 316 2445 20

281 2461 315 2488 21

280 2545 317 2572 22

386 1868 452 1896 opp.
476 1858 562 1886 Luth.
588 1858 669 1885 XVI.
694 1868 719 1895 p.
747 1858 849 1893 1636.)

321 1923 327 1930 .
350 1901 467 1929 Novum
493 1906 520 1928 et
543 1901 664 1928 alterum
688 1910 858 1937 responsum
891 1900 1115 1927 l'rotestantium
1147 1898 1182 1925 ad
1206 1897 1353 1926 Delectos.
1379 1915 1414 1918 —
1442 1897 1612 1924 Melanthon
1643 1896 1742 1924 scribit
1765 1896 1801 1923 ad
1824 1896 2002 1934 Episcopum
2028 1897 2164 1933 August„

387 1949 417 1971 ut
441 1944 673 1971 conciliationem
696 1947 873 1980 promoveat.

322 2008 328 2015 .
353 1987 400 2015 Ab
419 1992 540 2024 utraque
563 1992 644 2024 parte
668 1991 803 2023 septem
828 1985 1000 2013 mediatores
1027 1984 1202 2021 deliguntur,
1237 1984 1285 2020 qui
1310 1983 1344 2010 de
1375 1982 1578 2010 conciliatione
1603 1981 1721 2009 ulterius
1750 1987 1838 2018 agant
1868 1983 1928 2017 (bct
1948 1989 2071 2018 engete
2090 1980 2166 2010 21116=

387 2031 484 2065 Ῑώιιῑξ).
527 2032 553 2057 Α
576 2034 658 2066 parte
677 2028 905 2056 Catholicorum:
930 2027 1097 2064 Christoph.
1122 2036 1139 2053 a
1162 2025 1223 2054 Sta
1235 2026 1339 2060 dion,
1370 2026 1534 2062 Episcopus
1561 2027 1697 2062 August„
1726 2024 1913 2052 Henricus
1937 2024 2007 2052 Dux
2031 2023 2165 2059 Brunsv.,

385 2074 415 2101 in
439 2073 520 2101 cuius
538 2072 632 2100 locum
656 2082 724 2100 mox
743 2072 883 2099 successit
906 2069 1086 2106 Georgius
1113 2068 1183 2096 Dux
1212 2067 1331 2103 Saxon,
1361 2068 1550 2096 Bernhardus
1574 2068 1718 2104 Hagen,
1743 2066 1942 2097 Cancellarius
1971 2066 2165 2099 Trzwirensis,

385 2116 504 2144 Hieron.
530 2115 671 2149 Vehus,
694 2113 822 2142 Cancell.
844 2113 995 2146 Badensis,
1020 2117 1046 2139 et
1070 2122 1106 2139 ex
1129 2112 1273 2148 theologis
1297 2111 1339 2139 Io.
1371 2111 1522 2145 Eckius,
1548 2109 1636 2138 Conr.
1670 2110 1869 2147 Wimpina,
1894 2109 1935 2136 Io.
1960 2108 2164 2138 Coehl'eus.

388 2159 435 2187 Ex
460 2158 708 2186 Protestantibus:
735 2157 895 2185 Ioannes
919 2156 1153 2189 Fridericus,
1187 2155 1255 2182 Dux
1278 2154 1357 2188 Sax.,
1381 2153 1589 2190 Georgius,
1618 2153 1748 2180 Mat-chio
1772 2152 1948 2186 Brandenb„
1973 2161 2073 2179 eorum
2096 2160 2164 2178 can-

386 2202 495 2230 cellarii
518 2200 664 2238 Georgius
688 2200 759 2228 Bru
769 2200 810 2227 ck
834 2205 861 2227 et
882 2198 993 2227 sebast.
1030 2197 1179 2231 Heller,
1215 2202 1241 2224 et
1265 2206 1299 2225 ex
1323 2197 1464 2233 theologis
1495 2196 1569 2224 Phil.
1594 2196 1826 2229 Melanthon,
1848 2195 1962 2222 Erhard
1986 2193 2005 2221 S
2020 2193 2169 2231 chnepf

386 2250 414 2272 et
435 2244 476 2273 Io.
500 2243 685 2271 Brentius.
734 2241 880 2279 Georgius
910 2240 1079 2278 Spalatinus
1098 2241 1203 2268 notarii
1228 2246 1324 2277 partes
1347 2240 1527 2276 aliquamdiu
1549 2240 1615 2276 egit.
1663 2238 1750 2275 (Vide
1764 2237 1934 2265 Muellerum
1958 2247 1986 2274 p.
2013 2237 2072 2264 743
2086 2237 2164 2273 sqq.)

322 2310 328 2317 .
351 2288 465 2316 Primus
490 2291 648 2315 conventus
671 2286 744 2313 XIV
767 2286 952 2313 delectorum.
976 2301 1012 2305 --
1035 2283 1125 2318 (Quid
1150 2289 1244 2310 actum
1267 2284 1303 2310 sit
1326 2283 1356 2310 in
1379 2282 1532 2319 colloquiis
1556 2287 1584 2309 et
1607 2282 1715 2318 scripta
1731 2281 1766 2308 ab
1787 2285 1906 2317 utraque
1928 2284 2012 2317 parte
2035 2279 2165 2307 exhibita

386 2331 476 2358 habes
506 2330 583 2367 apud
612 2327 711 2366 Chytr.
737 2339 765 2366 p.
802 2328 870 2357 259.
903 2337 964 2364 sqq.
1004 2326 1129 2355 Coelcst.
1154 2325 1207 2354 III.
1238 2336 1262 2363 p.
1287 2327 1324 2354 36
1349 2334 1411 2363 sqq.
1465 2325 1636 2352 Muellerum
1661 2334 1688 2361 p.
1717 2324 1775 2351 745
1798 2332 1859 2360 sqq.
1906 2323 2021 2351 Walch.
2043 2323 2072 2350 in
2096 2331 2164 2359 opp.

386 2373 472 2402 Luth.
496 2371 580 2401 XVI.
607 2382 634 2409 p.
662 2373 740 2400 1673
766 2373 842 2408 sqq.)

319 2438 325 2444 .
349 2417 493 2444 Desinunt
518 2415 662 2451 colloquia
684 2413 757 2441 XIV
771 2413 958 2441 delectorum.

324 2483 329 2489 .
352 2459 521 2487 Melanthon
543 2458 651 2486 indicat
676 2458 824 2485 doctrinae
848 2456 952 2492 capita,
976 2455 1005 2482 in
1029 2454 1133 2490 quibus
1145 2453 1344 2482 Protestantes
1369 2463 1431 2481 cum
1446 2453 1620 2481 adversariis
1634 2452 1831 2486 convenerint,
1855 2458 1880 2478 et
1905 2452 1935 2478 in
1951 2450 2054 2488 quibus
2068 2450 2164 2478 adhuc

386 2502 565 2530 dissentiant.

321 2566 327 2573 .
352 2544 495 2573 Catholici
519 2543 637 2572 Caesari
660 2542 796 2576 referunt,
821 2542 888 2578 qnid
907 2541 935 2568 in
960 2540 1106 2576 colloquio
1129 2544 1223 2566 aetum
1248 2539 1342 2567 fuerit.
1385 2537 1543 2576 (Scriptum
1575 2547 1673 2566 eorum
1704 2537 1793 2564 habes
1816 2536 1892 2573 apud
1914 2535 2013 2573 Chytr.
2038 2545 2066 2572 p.
2091 2535 2162 2568 243.

390 2587 559 2614 Muellerum
583 2596 608 2623 p.
632 2587 703 2614 775.
745 2583 871 2613 Coelest.
895 2583 950 2611 III.
974 2593 1000 2620 p.
1024 2582 1073 2610 42.
1117 2581 1281 2609 Walchium
1302 2581 1386 2611 XVI.
1411 2592 1437 2619 p.
1465 2582 1570 2618 1714.)
1592 2597 1633 2602 —
1657 2580 1857 2608 Protestantes
1886 2579 2081 2606 narrationem
2106 2576 2163 2605 Ca-
