2299 2921
163 96 228 130 295
818 93 1006 126 PHILIPPI
1027 89 1345 125 MELANTHONIS
1369 89 1528 121 OPERA.
2109 89 2175 123 296

207 191 368 220 Plurimum
391 191 490 226 refert,
512 195 553 219 ut.
582 189 636 226 VI,
662 191 732 220 175.

208 234 381 271 Quanquam
404 234 462 262 tuis
481 233 644 270 colloquiis.
678 232 734 267 IX,
760 232 851 261 1064.

207 275 384 314 Saepissime
408 277 505 314 cogito
528 276 592 304 hoc.
622 274 693 308 VH,
718 275 788 303 744.

207 318 322 349 Scimus
342 324 496 357 utrumque
519 328 590 347 voce
612 318 718 346 divina.
754 316 823 352 VII,
850 316 940 346 1012.

207 361 274 392 Scio
297 363 334 391 de
355 363 450 391 causis
473 361 550 389 belli.
584 360 637 395 VI,
662 360 733 389 210.

207 403 275 434 Scio
296 405 414 433 viduam
437 403 577 433 Iohannis
600 402 750 430 Burcardi.
784 401 823 437 V,
847 401 918 431 882.

207 446 330 486 Semper
353 447 504 476 Ecclesiae
526 450 704 474 exercentur.
738 444 793 480 VI,
817 444 888 474 262.

207 488 331 528 Semper
354 490 410 518 hoc
432 498 537 517 meum.
571 488 609 523 V,
634 488 705 517 309.

209 531 241 562 Si
264 542 363 561 coram
382 537 486 560 tecum.
520 531 558 565 V.
584 531 654 559 334.

207 575 250 604 Ut
271 575 375 603 Esaias
395 574 498 611 inquit.
531 573 585 608 VI,
610 574 681 602 337.

208 617 289 647 Utile
312 623 356 646 est
378 617 537 645 Ecclesiae.
571 615 624 651 VI,
651 615 720 644 172.

208 659 331 689 Utinam
354 664 382 688 et
404 660 522 697 copiose
543 662 649 686 tecum.
683 657 738 693 VI,
764 657 833 688 132.

165 702 389 739 Lembergo,
412 701 546 730 Paulo:

209 744 414 783 Significamus
438 745 520 774 vobis
544 748 573 771 ct
596 742 746 771 ecclesiae.
780 742 805 779 I,
829 742 900 772 723.

165 787 386 823 Leodiensi,
410 786 672 817 cancellario:

210 830 358 868 Quicquid
379 831 410 858 in
432 831 478 858 his
500 828 640 858 articulis.
673 827 714 862 ΙΙ,
738 829 809 857 345.

165 873 358 911 Leopoldo
381 882 404 901 s.
427 871 640 909 Leupoldo,
664 870 819 900 Simoni:

210 915 431 951 Arbitror-tibi,
453 915 493 943 mi
517 913 629 943 Simon.
663 913 717 948 IV,
740 913 811 942 820.

210 957 299 994 Quod
320 968 373 996 per
396 968 461 986 eum
481 957 673 985 tabellarium.
707 955 760 991 IV,
784 956 855 985 799.

164 1001 319 1031 Levino:

211 1043 329 1080 Quanto
352 1043 453 1072 dolore
474 1047 596 1080 propter
618 1041 851 1070 honestissimae.
885 1038 926 1077 X,
952 1040 1000 1070 16.

165 1086 412 1121 Leutmeritz,
435 1084 602 1114 Senatui:

211 1128 328 1159 Garceo
351 1129 414 1157 viro
435 1129 532 1157 docto.
566 1125 653 1162 VIII,
678 1127 749 1156 116.

166 1172 292 1207 Libio,
316 1171 608 1208 christophoro:

209 1215 314 1244 Adfuit
335 1215 365 1242 in
387 1213 512 1252 publica.
549 1211 636 1247 VIII,
661 1212 731 1241 324.

209 1258 298 1295 Apud
319 1256 548 1294 Xenophontem
571 1254 746 1283 dulcissima.
780 1252 866 1288 VIII,
890 1251 961 1282 272.

211 1301 413 1338 Archetypum
436 1299 585 1327 literarum
604 1296 720 1335 Inclyti.
755 1295 840 1331 VIII,
865 1294 914 1324 52.

212 1342 302 1372 casta
319 1341 402 1371 Deus
422 1350 505 1370 mens
528 1358 568 1362 —
589 1344 616 1368 et
639 1339 719 1376 leges
742 1338 881 1375 coniugii.
912 1336 969 1374 IX,
989 1336 1060 1367 567.

212 1385 287 1415 Cum
310 1385 357 1414 hic
380 1384 547 1413 Fridcricus
569 1383 698 1411 Ileanus.
733 1381 819 1417 VIII,
843 1381 914 1411 699.

211 1428 286 1458 Cum
309 1428 432 1456 indicari
454 1427 537 1455 vobis
554 1426 701 1454 idoneum.
736 1423 797 1459 IX,
819 1424 890 1453 566.

211 1471 286 1501 Cum
307 1471 472 1508 scripsisset
493 1470 564 1498 mihi
585 1468 690 1496 affinis.
725 1467 780 1502 IX,
805 1467 877 1496 558.

211 1514 260 1544 De
283 1514 464 1551 quaestione,
483 1522 570 1550 quam
593 1511 726 1549 posuisti.
754 1508 812 1543 IX,
839 1509 930 1539 1045.

212 1556 324 1586 Doctor
347 1556 522 1584 Valentinus
544 1555 638 1583 offert.
672 1552 730 1588 IX,
754 1553 826 1582 834.

212 1600 301 1629 Edita
323 1603 367 1627 est
388 1597 518 1627 Sledani.
552 1596 638 1629 VIII,
663 1597 735 1625 483.

212 1643 267 1672 Est
289 1641 406 1670 omnino
430 1651 539 1669 verum.
573 1639 659 1674 VIII,
684 1639 733 1667 23.

214 1685 254 1714 Et
277 1685 368 1713 debeo
392 1688 420 1712 et
441 1684 535 1712 habeo
558 1683 667 1720 gratias
689 1679 819 1710 Senatui.
854 1679 939 1716 VIII,
959 1680 1008 1710 80.

214 1728 253 1757 Et
276 1727 402 1756 servabit
425 1727 502 1756 filius
525 1726 584 1755 Dei
605 1724 730 1753 nidulos.
764 1723 835 1759 VII,
859 1723 930 1753 866.

214 1771 279 1799 Etsi
301 1779 380 1798 eram
402 1770 432 1798 in
454 1779 571 1807 magno.
604 1767 689 1803 VIII,
709 1767 758 1796 64.

214 1813 280 1842 Etsi
299 1817 327 1840 et
347 1817 454 1850 expeto
476 1817 552 1840 tuas.
585 1810 670 1845 VIII,
694 1810 765 1839 496.

214 1856 280 1884 Etsi
301 1864 386 1883 veras
411 1860 439 1882 et
456 1855 558 1883 iustas.
590 1853 660 1888 VII,
684 1853 755 1881 490.

215 1898 360 1927 Existimo
379 1898 415 1925 de
437 1897 514 1925 bello
535 1906 596 1926 vos.
634 1894 718 1930 VIII,
744 1894 813 1924 104.

216 1940 340 1970 Gaudeo
364 1940 416 1968 tibi
437 1940 559 1968 itineris.
592 1938 649 1974 IX,
674 1938 745 1967 575.

216 1982 433 2012 Gratitudinem
456 1983 539 2011 vobis
562 1982 662 2010 debeo.
698 1979 754 2015 IX,
779 1979 851 2009 646.

215 2026 314 2055 Hodie
337 2035 400 2054 cum
425 2034 516 2054 essem
539 2025 626 2062 apud.
660 2022 747 2058 VIII,
771 2022 842 2051 785.

217 2068 315 2098 Hodie
338 2069 394 2098 huc
416 2067 506 2096 allata
528 2072 578 2097 est.
614 2066 683 2101 VII,
707 2066 778 2094 974.

216 2111 252 2140 In
275 2111 395 2149 Belgico
418 2115 446 2139 et
468 2111 498 2138 in
520 2109 639 2138 Celtica.
673 2108 730 2144 IX,
754 2108 825 2137 524.

216 2155 251 2183 In
273 2155 362 2183 tantis
381 2153 515 2191 publicis.
548 2153 619 2186 VII,
644 2152 717 2181 488.

216 2197 353 2234 Intelligo
377 2201 507 2224 senatum
531 2195 834 2230 Brandeburgensem.
868 2190 953 2227 VIII,
976 2191 1026 2222 22.

216 2240 291 2278 Legi
312 2249 376 2267 curn
399 2248 506 2276 magno
529 2239 637 2266 dolore.
671 2236 757 2271 VIII,
786 2236 852 2264 101.

216 2282 291 2320 Legi
314 2286 394 2310 tuum
417 2282 555 2318 scriptum
580 2286 616 2308 et.
648 2279 718 2314 VH,
743 2278 833 2307 1165.

217 2325 383 2355 Metuebam
406 2324 549 2352 venientis
571 2323 648 2351 anni.
683 2321 770 2357 VIII,
790 2320 861 2350 682.

218 2368 302 2397 Mitto
322 2367 405 2395 vobis
419 2366 553 2403 exempla
568 2365 709 2394 orationis
727 2365 764 2392 de
782 2363 982 2392 Nazianzeno.
1005 2362 1062 2399 IX,
1081 2363 1152 2394 482.

219 2411 303 2439 Mitto
327 2410 410 2438 vobis
433 2409 598 2446 exemplum
620 2407 686 2437 τῶν.
721 2406 807 2441 VIII,
832 2407 903 2436 759.

219 2454 304 2482 Mitto
326 2453 409 2480 vobis
431 2453 570 2490 poemata
592 2452 627 2479 de
651 2450 796 2487 coniugio.
830 2448 915 2484 VIII,
939 2449 1009 2478 176.

220 2495 304 2524 Nihil
327 2495 426 2523 dubito
445 2495 480 2522 de
502 2498 553 2522 tua.
575 2503 643 2530 erga
665 2503 719 2521 me.
752 2491 808 2527 IX,
834 2493 904 2522 186.

220 2538 303 2567 Nihil
326 2537 486 2575 simplicius
509 2541 537 2565 et
556 2536 680 2574 planius.
715 2535 798 2571 VIII,
823 2535 892 2564 160.

1239 184 1309 213 Non
1332 184 1426 214 solum
1449 185 1498 213 alii
1522 185 1614 213 multi.
1648 185 1704 221 IX,
1727 186 1819 216 1044.

1239 227 1381 256 Nondum
1403 228 1535 256 audimus
1556 238 1655 266 regem
1678 229 1703 257 F
1706 229 1904 257 erdinandum.
1937 228 2022 266 VIII,
2046 229 2120 259 734.

1239 269 1320 298 Pene
1344 271 1473 307 quotidie
1494 271 1666 308 interrogor.
1702 271 1785 307 VHI,
1808 272 1878 302 278.

1240 312 1314 341 Post
1334 313 1390 341 iter
1412 318 1547 342 vestrum.
1581 313 1637 349 IX,
1661 315 1732 344 743.

1240 354 1402 393 Postquam
1423 355 1492 384 hinc
1512 356 1714 385 discesserunt.
1750 356 1806 393 IX,
1832 358 1901 387 113.

1240 397 1402 426 Praeterita
1424 399 1581 436 vituperari
1601 405 1731 436 possunt.
1765 399 1849 433 VIII,
1876 400 1945 430 127.

1241 439 1372 468 Primum
1392 438 1552 479 εὐαγγέλια.
1584 442 1669 478 vm,
1692 444 1763 476 445.

1242 481 1389 518 Quantum
1413 492 1450 511 ex
1471 485 1528 512 tuis
1550 484 1641 513 literis
1663 485 1868 514 intelleximus.
1907 484 1991 521 VIII,
2015 485 2087 515 416.

1241 525 1430 554 Reverendus
1452 526 1490 555 D.
1512 526 1616 556 Pastor
1639 528 1797 557 Ecclesiae.
1829 528 1868 564 V,
1891 529 1962 558 467.

1241 566 1343 596 Sabini
1365 568 1489 597 reditum
1513 579 1548 597 ex
1571 569 1687 600 Salinis.
1710 571 1766 606 IX,
1790 572 1860 601 518.

1242 608 1336 648 Saepe
1354 610 1437 639 Deus
1461 612 1600 649 singulari
1622 614 1719 643 modo.
1755 613 1811 649 IX,
1836 613 1907 644 722.

1242 651 1340 691 Saepe
1362 654 1452 682 recito
1476 655 1553 683 hunc
1576 665 1698 685 versum.
1733 657 1802 691 VII,
1827 656 1897 686 712.

1242 693 1338 732 Saepe
1359 705 1461 724 versus
1484 698 1676 727 eruditissime
1699 704 1734 727 et.
1768 698 1824 734 IX,
1848 699 1919 728 729.

1243 736 1397 775 Sapienter
1419 739 1544 768 feramus
1565 742 1637 769 istos
1660 751 1761 770 novos.
1795 741 1852 776 IX,
1877 742 1947 771 669.

1243 778 1311 808 Scio
1330 785 1358 808 tc
1381 781 1417 808 de
1440 782 1556 819 ingenio
1579 784 1717 812 iudicare.
1751 784 1821 819 VII,
1845 785 1916 813 471.

1244 821 1390 860 Scriptum
1414 824 1450 852 de
1473 828 1672 854 controversia
1694 826 1883 864 Noribergae.
1918 825 2004 862 VIII,
2029 827 2103 856 605.

1245 863 1339 903 Spero
1361 866 1420 894 iam
1443 872 1471 894 te
1492 868 1608 905 legisse.
1641 868 1727 904 vm,
1750 870 1821 898 303.

1244 907 1286 936 Ut
1308 908 1417 937 Paulus
1438 910 1532 947 inquit
1555 911 1591 939 de
1614 910 1808 949 Onesiphoro.
1842 910 1926 947 VIII,
1953 911 2025 941 106.

1244 949 1364 979 Utinam
1388 954 1543 989 posteritas
1566 954 1623 982 diu.
1655 954 1740 990 VIII,
1764 955 1835 984 763.

1201 992 1377 1029 Linckio,
1400 992 1606 1025 Salomoni:

1244 1034 1366 1074 Semper
1389 1042 1417 1065 et
1439 1038 1528 1066 dilexi
1552 1043 1580 1067 et
1602 1044 1764 1069 veneratus.
1800 1038 1885 1075 VIII,
1909 1039 1979 1069 277.

1201 1076 1376 1115 Linckio,
1400 1079 1634 1111 Wenceslao:

1244 1121 1358 1150 Doctor
1382 1122 1525 1152 Martinus
1549 1125 1631 1153 duxit
1654 1134 1785 1154 uxorem.
1819 1124 1844 1160 I,
1868 1125 1939 1154 750.

1245 1164 1374 1192 Exhibui
1398 1164 1436 1194 D.
1461 1166 1583 1195 Doctori
1602 1168 1737 1197 Martino.
1773 1167 1828 1203 ΠΙ,
1853 1167 1924 1196 742.

1245 1205 1370 1235 Gaudeo
1391 1208 1567 1243 praesectum
1592 1219 1663 1238 esse.
1696 1210 1750 1245 IV,
1776 1211 1847 1239 953.

1245 1249 1353 1285 Magno
1376 1250 1472 1278 studio
1494 1260 1572 1279 nunc
1591 1253 1695 1289 agitur.
1728 1252 1785 1287 ῙΠ,
1809 1253 1879 1282 718.

1245 1291 1327 1319 Misit
1348 1291 1405 1320 huc
1428 1292 1464 1320 ad
1488 1293 1665 1332 Principem.
1697 1294 1721 1330 I,
1743 1295 1834 1324 1006.

1244 1333 1368 1362 Temere
1391 1335 1507 1371 accidit,
1530 1346 1589 1365 cur.
1622 1337 1647 1372 I,
1667 1338 1741 1367 389.

1245 1376 1383 1415 Qiemobl
1403 1378 1438 1415 iot>
1458 1381 1594 1409 nermeint.
1628 1380 1668 1416 II,
1692 1380 1764 1410 486.

1201 1417 1478 1456 Lindemanno,
1502 1421 1652 1451 Ioanni:

1245 1461 1323 1491 Olim
1347 1463 1450 1492 dicitur
1473 1466 1608 1494 Astraea.
1641 1465 1695 1501 VI,
1720 1466 1791 1496 380.

1202 1504 1477 1542 Lindemanno,
1500 1506 1718 1536 Laurentio:

1245 1548 1333 1576 Venit
1356 1549 1412 1577 huc
1435 1558 1470 1577 ex
1492 1549 1621 1580 Berlino.
1653 1549 1710 1587 IX,
1736 1550 1825 1580 1077.

1202 1590 1362 1629 Lippen,
1386 1591 1535 1621 Ioanni:

1245 1634 1286 1662 Et
1307 1634 1389 1663 fratri
1408 1645 1473 1663 meo
1494 1635 1588 1665 talem.
1622 1634 1679 1671 IX,
1704 1635 1774 1664 435.

1201 1676 1467 1714 Lipsiensibus
1489 1677 1797 1707 Iurisconsultis:

1245 1718 1367 1758 Semper
1389 1721 1445 1749 hoc
1468 1722 1555 1750 sensi.
1589 1720 1672 1756 VIII,
1696 1720 1767 1750 229.

1203 1762 1315 1800 Lipsi
1328 1764 1481 1791 ensibus
1507 1763 1772 1801 Philosophis:

1247 1804 1447 1834 Certissimum
1468 1811 1510 1835 est
1532 1816 1648 1844 genere.
1683 1805 1766 1841 VIII,
1788 1806 1859 1835 210.

1203 1847 1472 1886 Lipsiensibus
1494 1849 1715 1886 Theologis:

1246 1891 1285 1919 Et
1304 1892 1533 1929 promiseramus
1555 1893 1617 1920 viro
1641 1892 1710 1919 clar.
1744 1891 1782 1927 V,
1807 1892 1876 1921 192.

1248 1934 1345 1962 Iturus
1368 1935 1404 1962 ad
1427 1944 1559 1973 agonem.
1594 1935 1630 1970 V,
1655 1935 1725 1964 359.

1203 1976 1435 2013 Lithalskio,
1459 1976 1637 2015 Georgio:

1246 2019 1318 2048 Non
1341 2020 1450 2055 dubito,
1474 2021 1543 2058 quin
1565 2030 1618 2058 pro
1641 2024 1700 2049 tua.
1735 2019 1772 2055 V,
1797 2019 1868 2049 400.

1204 2062 1375 2091 Lohnero
1398 2072 1420 2091 s.
1444 2062 1631 2099 Loenero,
1655 2061 1835 2100 Casparo:

1248 2105 1322 2134 Cum
1345 2106 1481 2141 sciamus,
1504 2116 1570 2134 vere
1593 2105 1661 2134 Dei.
1689 2105 1726 2141 V,
1749 2106 1820 2134 347.

1247 2147 1350 2176 Laudo
1373 2149 1452 2186 piam
1475 2149 1662 2178 voluntatem.
1696 2148 1734 2183 V,
1762 2147 1831 2177 162.

1204 2191 1396 2226 Lotichio,
1419 2191 1548 2220 Petro:

1248 2234 1322 2263 Cum
1341 2234 1449 2262 Franci
1467 2238 1594 2263 tenuere.
1628 2232 1685 2269 IX,
1710 2234 1781 2262 397.

1248 2277 1365 2305 Nomen
1387 2276 1538 2305 Ecclesiae
1560 2281 1637 2305 tuae.
1670 2275 1740 2312 VII,
1763 2276 1834 2304 444.

1205 2319 1457 2348 Luckaviensi
1479 2318 1648 2348 Senatui:

1249 2363 1297 2399 Sd>
1317 2363 1367 2392 bitt
1387 2363 1420 2392 (ξ.
1442 2363 1474 2391 oe.
1496 2362 1575 2401 ffintty
1594 2363 1690 2393 moilen
1708 2362 1782 2398 biese.
1817 2360 1873 2397 111,
1896 2361 1968 2390 755.

1249 2407 1297 2442 Sd)
1318 2406 1384 2442 {pube
1403 2406 1452 2435 mit
1469 2405 1591 2442 Smeifel.
1625 2405 1680 2441 IV,
1699 2405 1768 2434 680.

1249 2448 1384 2486 §taonem
1404 2449 1474 2483 &bert
1492 2449 1578 2478 ssucas
1598 2448 1767 2485 Xanneberg.
1796 2446 1852 2483 III,
1874 2446 1946 2476 788.

1205 2491 1546 2519 Luckenwaldensi
1568 2491 1732 2519 Pastori:

1248 2534 1341 2563 Nulla
1363 2538 1407 2563 est
1429 2534 1459 2562 in
1481 2534 1565 2562 terris
1586 2539 1622 2562 et.
1655 2532 1696 2569 X,
1719 2533 1769 2563 20.
